2652 4022
200 303 504 360 TYCHO
526 306 648 359 AD
670 302 1495 360 ROSENCRANTZIUM
1516 302 1876 373 30AUG.J9
1896 302 2115 359 SEPT.
2132 306 2278 360 1599
2317 300 2409 359 169

201 450 328 516 dijs,
357 450 454 502 sed
480 457 536 502 et
561 447 1027 502 architectonicis
1052 447 1360 510 structuris
1388 464 1524 513 quae
1546 465 1578 501 e
1601 449 1947 502 Geometria
1971 456 2026 502 et
2048 447 2410 514 Perspectiva

199 520 409 574 fluunt.
442 521 717 585 Cumque
747 519 923 585 ipsius
954 519 1231 572 Maiestas
1261 520 1467 572 Libros
1496 520 1598 572 fibi
1627 536 1663 573 a
1691 537 1787 573 me
1817 520 2151 573 humillime
2182 520 2410 573 oblatos

201 592 297 656 (de
330 592 545 657 quibus
576 598 754 644 antea
784 590 1055 655 memini)
1089 591 1394 656 diligenter
1426 591 1754 657 perlegisset,
1788 593 1939 644 adeo
1972 599 2036 645 ut
2067 595 2131 644 in
2158 591 2410 644 multam

199 661 433 716 noctem
458 666 664 728 primis
691 663 914 723 diebus,
945 662 1232 715 referente
1259 662 1318 715 id
1345 662 1742 724 BARVICIO,
1772 666 1843 729 ijs
1870 673 2256 728 occuparetur
2287 663 2409 727 (ne-

129 753 151 786 5
201 750 316 800 que
332 737 492 787 enim
505 741 629 787 tam
642 732 850 787 abiecti
865 734 1025 798 apud
1038 733 1228 798 ipsum
1243 740 1426 794 erant,
1442 734 1949 798 quemadmodum
1969 738 2032 787 in
2048 735 2245 787 vestris
2267 734 2408 798 oris)

200 821 237 858 a
255 821 352 858 me
372 805 561 858 multa
580 806 652 858 de
674 821 885 857 eorum
906 807 1193 858 contentis
1219 820 1324 870 per
1348 805 1606 857 eundem
1626 806 2080 859 BARVICIUM
2101 806 2410 859 sciscitatus

200 877 291 938 est,
320 884 375 930 et
397 877 617 943 placuit
636 877 722 929 illi
741 877 915 929 valde
935 874 1217 929 structura
1237 876 1599 941 Uraniburgi
1619 879 1682 928 in
1701 880 1894 942 primo
1914 885 2076 930 tomo
2098 877 2408 943 defignata.

200 948 314 1002 Sed
335 964 471 1001 cum
493 949 920 1002 laboratorium
940 950 1004 1000 in
1025 963 1098 1000 ea
1115 954 1238 1000 tam
1259 950 1372 1000 cito
1399 951 1655 1013 reperire
1681 964 1807 1000 non
1831 950 2020 1013 posset,
2049 950 2107 1001 id
2133 948 2235 1001 fibi
2261 949 2408 1001 indi-

200 1023 320 1073 cari
345 1020 549 1072 voluit.
579 1020 934 1072 Placuerunt
963 1026 1177 1072 caetera
1206 1022 1426 1080 omnia,
1456 1022 1539 1071 ita
1567 1026 1631 1071 ut
1660 1019 1960 1072 Dominus
1986 1020 2410 1073 BARVICIUS

99 1102 157 1144 7v
201 1107 304 1144 eos
325 1091 547 1144 Caesari
566 1086 1028 1160 ac-nceptissimos
1049 1092 1153 1143 esse
1172 1090 1322 1143 mihi
1341 1090 1618 1143 retulerit.

271 1163 359 1215 Ex
378 1165 500 1215 iam
520 1162 828 1223 recenfitiS,
855 1163 1258 1215 Amantissime
1280 1162 1642 1223 OLIGERE,
1670 1178 1870 1214 rerum
1892 1179 2164 1215 mearum
2183 1163 2408 1223 statum,

200 1234 393 1299 qualis
413 1251 573 1287 nunc
593 1235 671 1295 fit,
693 1234 1037 1287 intellexisti.
1059 1235 1310 1299 Agoque
1325 1233 1459 1286 Deo
1474 1236 1728 1299 propitio
1746 1237 1978 1299 gratiaS,
2000 1235 2160 1299 quod
2174 1234 2247 1286 fic
2260 1234 2410 1286 mihi

200 1312 255 1358 et
279 1309 428 1358 meis
453 1305 827 1371 prospexerit,
854 1313 919 1358 ut
945 1321 1018 1358 ex
1045 1305 1486 1358 adversitatibus
1511 1305 1643 1366 illis,
1672 1321 1821 1370 quas
1841 1308 1903 1357 in
1924 1306 2118 1358 Patria
2138 1306 2240 1357 diu
2259 1306 2408 1358 mul-

198 1384 444 1442 tumque
458 1379 644 1462 patius
658 1377 802 1438 sum,
819 1375 1061 1430 eluctari
1074 1380 1385 1442 potuerim,
1403 1383 1458 1429 et
1470 1377 1619 1429 mihi
1634 1384 1689 1429 et
1701 1379 1850 1429 meis
1864 1376 2075 1430 rectius
2091 1377 2408 1429 consulere.

109 1466 151 1500 15
201 1449 504 1514 Speroque
532 1452 596 1502 in
624 1449 933 1514 posterum,
968 1450 1179 1501 eodem
1211 1448 1435 1501 Divino
1466 1449 1733 1501 Numine
1764 1448 2016 1510 favente,
2050 1448 2245 1501 adhuc
2277 1464 2407 1513 pro-

199 1520 472 1585 speriora.
500 1520 802 1573 Caeterum
822 1521 893 1573 de
913 1520 1243 1573 honoribus
1264 1526 1320 1572 et
1340 1520 1716 1586 dignitatibus
1736 1520 1992 1572 Politicis
2012 1520 2161 1572 mihi
2181 1520 2408 1580 oblatiS‚

199 1594 322 1644 imo
343 1598 666 1657 antequam
685 1593 935 1657 Pragam
954 1595 1238 1652 venirem,
1266 1608 1402 1644 cum
1428 1591 1624 1644 adhuc
1637 1591 1994 1657 Witebergae
2018 1593 2202 1652 essem,
2230 1592 2408 1656 depu-

199 1666 334 1715 tatis
362 1663 559 1728 (prout
583 1663 731 1716 forte
759 1679 832 1715 ex
854 1663 1121 1716 Domino
1142 1661 1400 1715 Doctore
1420 1662 1840 1724 FRANTZIO,
1868 1663 2116 1715 Domini
2137 1662 2409 1716 Doctoris

199 1734 359 1787 VITI
380 1734 836 1797 WINSHEMIJ
865 1750 1099 1800 genero,
1130 1741 1233 1787 aut
1262 1741 1562 1795 oretenus;
1593 1734 1787 1787 aiebat
1818 1737 1978 1786 enim
2006 1741 2078 1795 te,
2108 1737 2172 1787 in
2200 1735 2408 1787 Orien-

104 1822 151 1857 20
199 1806 379 1858 talem
394 1806 634 1858 Frifiam
648 1806 929 1865 abiturus,
945 1806 1192 1858 invisere
1206 1805 1381 1866 velle;
1403 1812 1506 1858 aut
1518 1821 1623 1870 per
1636 1805 1834 1858 literas
1847 1805 2190 1866 intellexisti,
2206 1821 2407 1870 quem-

200 1877 525 1930 admodum
554 1881 604 1930 is
634 1893 707 1929 ex
736 1878 1003 1930 Domino
1033 1877 1566 1930 CORRADUCIO
1596 1877 2066 1930 Procancellario
2095 1877 2242 1938 haec,
2273 1893 2409 1928 cum

200 1949 402 2014 Pragae
418 1950 561 2011 esset,
582 1949 638 2001 se
659 1950 929 2013 accepisse
945 1948 1154 2008 aiebat,
1176 1955 1240 2001 ut
1258 1947 1408 2000 mihi
1422 1948 1678 2009 referret,
1694 1964 1814 2013 quo
1827 1951 2157 2013 promptius
2172 1948 2407 2000 accede-

200 2021 350 2084 rem)
371 2020 522 2073 nihil
541 2036 702 2073 nunc
722 2020 938 2072 addere
959 2020 1115 2072 volo,
1144 2019 1462 2073 Suaserunt
1481 2020 1684 2084 Pragae
1705 2022 1881 2072 amici
1901 2020 2161 2084 quidam,
2182 2027 2246 2071 ut
2266 2019 2409 2071 talia

200 2091 562 2156 susciperem,
596 2108 732 2157 quae
764 2098 966 2144 tamen
997 2091 1223 2156 semper
1256 2107 1328 2143 ex
1360 2091 1480 2144 alto
1513 2090 1761 2156 despexi.
1795 2092 1876 2143 At
1903 2091 1944 2142 fi
1972 2090 2231 2144 facturus
2263 2090 2406 2151 sum,

106 2179 152 2214 25
200 2170 438 2228 propter
450 2163 740 2223 vestrateS,
762 2166 865 2227 qui
882 2178 978 2215 me
995 2170 1117 2215 tam
1137 2162 1453 2215 insolenter
1473 2165 1835 2227 contemptui
1854 2162 2206 2222 habuerunt,
2227 2161 2406 2215 faciu-

200 2250 301 2287 rus
327 2235 476 2295 sum;
505 2235 665 2300 quod
692 2242 747 2286 et
766 2234 1199 2287 THADDAEO
1227 2234 1419 2286 nostro
1446 2236 1676 2299 urgenti
1702 2235 1844 2294 dixi;
1872 2249 2082 2286 verum
2106 2237 2156 2285 is
2182 2233 2255 2285 fic
2281 2233 2406 2285 sub-

200 2309 412 2358 iunxit:
451 2307 593 2359 Non
630 2308 873 2359 tantum
900 2308 1166 2372 propter
1198 2308 1341 2358 tuos
1374 2306 1596 2358 Danos
1629 2304 1697 2357 id
1728 2304 2038 2367 admitteS,
2071 2303 2186 2371 sed
2217 2304 2407 2358 etiam

194 2379 459 2444 propter
473 2374 712 2458 nostros
730 2378 1066 2439 Boliemos,
1096 2378 1378 2443 adeoque
1400 2376 1467 2428 in
1493 2374 1624 2443 ipsa
1652 2377 1798 2429 aula
1824 2375 2022 2443 aliqui
2045 2379 2173 2429 tam
2198 2373 2408 2441 obtuso

201 2451 266 2502 et
287 2445 510 2514 rustico
533 2448 807 2516 ingenio,
840 2450 905 2501 et
927 2463 1053 2501 non
1079 2447 1293 2501 minus
1320 2462 1508 2515 quam
1537 2444 1837 2512 vestrates
1864 2446 2163 2515 ignorent
2188 2445 2406 2513 discer-

105 2535 152 2571 30
200 2534 354 2573 nere
379 2518 548 2573 inter
570 2534 794 2573 aurum
815 2522 879 2573 et
897 2519 1300 2582 orichalcum,
1330 2521 1609 2572 attamen
1633 2517 1829 2586 aliqui
1850 2518 2274 2581 inveniuntur,
2305 2517 2411 2585 qui

200 2588 431 2645 rectius
449 2590 739 2654 iudicent,
764 2590 1007 2658 quique,
1029 2590 1180 2644 licet
1196 2604 1378 2658 aeque
1397 2593 1586 2657 atque
1604 2593 1669 2643 tu
1686 2591 1964 2644 honores
1977 2589 2289 2651 Politicos,
2311 2604 2406 2643 re-

192 2659 404 2729 spectu
436 2661 689 2715 virtutis
721 2665 786 2716 et
817 2659 1112 2716 doc‘trinae
1145 2661 1409 2725 eximiae,
1437 2661 1633 2729 parvi
1662 2662 1905 2724 ducant,
1942 2661 2019 2714 ob
2049 2660 2407 2728 vulgarium

100 2741 152 2784 8r
203 2736 414 2786 tamen
444 2732 815 2787 iudiciorum
849 2736 1117 2801 captum,
1154 2748 1274 2801 quo
1307 2732 1695 2787 commodius
1726 2732 1791 2785 in
1822 2748 1997 2785 mun·
1978 2728 2103 2801 -ΙΙᾱο
2137 2732 2404 2794 vivatur,

201 2803 290 2857 ita
309 2803 667 2858 faciendum
689 2802 1049 2870 existimant.
1084 2804 1217 2869 Oui,
1242 2804 1535 2871 quamvis
1548 2804 1744 2871 pauci
1759 2803 2172 2871 reperiantur,
2197 2806 2406 2855 tamen

107 2892 153 2927 ³⁵
196 2873 2406 3015 {afflatis33112320122201332325-‘512‘1555ff5222533ssss-ffifflffisszffi

203 3017 315 3071 tibi
330 3016 734 3084 innotescent.
756 3019 825 3070 In
844 3018 1004 3071 hunc
1024 3019 1271 3070 modum
1292 3019 1407 3070 ille.
1422 3019 1647 3070 Verum
1662 3019 1733 3070 de
1748 3017 1840 3068 his
1854 3017 2224 3082 postmodum
2240 3016 2405 3080 dispi-

203 3092 373 3147 ciam,
400 3089 442 3140 fi
466 3104 591 3141 non
618 3104 690 3141 ea
714 3089 948 3153 prorsus
972 3090 1285 3154 despiciam
1294 3106 1307 3150 ;
1334 3105 1529 3154 neque
1551 3091 1710 3141 enim
1731 3091 1794 3140 in
1813 3091 1885 3153 ijs
1906 3088 2047 3152 quid
2068 3087 2329 3139 consulto
2352 3093 2406 3139 et

203 3160 439 3212 discrete
459 3159 588 3212 fieri
606 3161 785 3225 potest
805 3167 941 3212 ante
963 3159 1148 3225 Magci
1167 3161 1416 3213 Domini
1437 3159 1935 3221 CORRADUCIJ
1957 3158 2402 3223 Procancellarij

107 3247 154 3282 40
203 3231 456 3283 reditum
482 3247 514 3283 e
541 3231 745 3292 Roma,
776 3231 878 3283 ubi
904 3232 1189 3296 Legatum
1216 3231 1465 3284 Caesaris
1492 3234 1736 3284 nomine
1763 3231 1922 3295 apud
1948 3230 2006 3282 P.
2029 3230 2116 3282 M.
2144 3232 2275 3294 agit,
2304 3232 2405 3293 qui

203 3305 358 3355 circa
374 3301 691 3354 Michaelis
711 3302 917 3354 festum
937 3301 1288 3367 expectatur.
1311 3303 1525 3367 Neque
1547 3306 1724 3354 etiam
1738 3301 1894 3361 vo10,
1915 3308 1979 3353 ut
1998 3303 2161 3366 prius
2182 3301 2323 3365 quid
2343 3303 2406 3351 in

202 3373 417 3426 talibus
437 3373 843 3435 concludatur;
872 3373 1015 3426 estis
1035 3373 1184 3426 mihi
1203 3374 1529 3426 admodum
1549 3373 1772 3434 savem,
1799 3373 1932 3424 licet
1955 3372 2026 3424 de
2049 3372 2197 3424 facie
2224 3373 2406 3494 i‘girkiloti

345 3456 391 3490 22
2211 3458 2247 3494 a
2332 3457 2404 3493 uc
