2678 4022
322 266 392 316 46
855 263 1290 315 EPISTOLAE
1316 263 1985 317 ASTRONOMICAE

324 407 595 459 abscessus
610 409 773 457 iuxta
788 404 1318 457 COPERNICUM
1336 408 1398 456 in
1415 406 1765 457 immensum
1786 422 1936 470 pene
1958 407 2091 466 abit,
2114 406 2351 470 eiusque
2372 407 2514 471 poli-

322 481 544 529 tionem
558 476 652 527 vel
668 476 781 527 hoc
795 476 917 527 solo
932 476 1181 528 absurdo
1198 476 1472 541 infringit.
1495 478 1621 529 Nec
1640 480 1817 529 etiam
1834 484 1936 529 tua
1953 481 2202 542 cogitata
2218 476 2315 529 hic
2332 477 2515 529 ullam
2565 483 2593 525 ψ

323 564 457 600 cum
473 550 694 599 caeteris
710 547 1122 612 Symmetriam
1144 547 1339 612 (prout
1356 548 1524 600 fimul
1537 547 1664 600 fieri
1679 548 1900 612 debuit)
1921 549 2249 600 admittunt.
2273 548 2518 612 Oportet

323 627 521 671 autem
541 621 603 669 in
623 633 685 669 re
699 618 849 669 bene
863 621 1307 682 proportionata
1321 618 1470 670 nihil
1484 619 1610 671 dari
1624 622 2215 684 inproportionatum,
2237 619 2384 671 alias
2397 626 2518 672 tota

323 690 673 755 Symmetria
693 689 1086 751 confunditur,
1108 696 1163 741 et
1181 688 1435 754 suspecta
1457 690 1670 742 evadit:
1694 690 2012 754 praesertim
2032 693 2095 742 in
2114 690 2227 742 hoc
2247 690 2395 751 loc0‚
2417 691 2518 742 ubi
2568 708 2589 742 5

321 768 442 812 tam
467 775 750 824 magnum
776 767 952 824 atque
980 761 1220 813 evidens
1245 764 1525 826 ingeritur
1551 761 1927 813 obstaculum.
1959 761 2110 813 Haec
2138 768 2192 813 et
2217 762 2352 822 alia,
2383 777 2517 826 quae

322 831 543 896 fingula
572 847 1038 883 commemorare
1068 848 1227 884 nunc
1256 848 1380 884 non
1404 839 1590 893 vacat,
1620 848 1716 883 me
1746 835 1898 884 circa
1923 839 2088 884 tuam
2113 835 2518 884 inventionem

322 903 469 954 alias
485 902 915 961 solertissimam,
937 906 1153 967 optime
1171 903 1535 964 KEPLERE,
1557 903 1803 955 dubium
1817 899 1838 971 ΙΙ
1852 903 2117 955 reddunt.
2140 904 2379 955 Interim
2392 919 2516 955 non
2536 912 2642 955 153r

322 975 542 1038 possum
562 989 686 1025 non
707 980 953 1026 conatus
978 981 1128 1035 tuOS,
1155 981 1278 1027 tam
1305 977 1552 1026 eximios
1573 981 1628 1026 et
1648 990 1813 1026 raros
1832 974 2242 1039 magnifacere.
2270 975 2518 1026 Hortor—

323 1061 436 1109 que
463 1051 527 1096 ut
552 1044 797 1097 ulterius
823 1044 915 1096 his
942 1049 1213 1097 animum
1238 1047 1525 1106 intendaS‚
1553 1046 1765 1110 desque
1793 1061 2053 1110 operam,
2081 1053 2145 1098 ut
2169 1045 2351 1097 limile
2378 1045 2519 1110 quid
2573 1062 2615 1096 ιο

321 1116 524 1167 nostris
547 1115 978 1181 hypothefibuS‚
1007 1133 1154 1181 quas
1175 1117 1276 1169 ubi
1295 1133 1419 1169 non
1439 1120 1832 1181 incompertas
1853 1118 1955 1169 esse
1975 1117 2122 1168 liber
2141 1116 2238 1168 ille
2260 1117 2517 1177 ostendit,
2568 1121 2597 1165 *r

322 1187 617 1252 applicare
640 1189 821 1252 possiS,
850 1204 985 1240 cum
1011 1204 1162 1252 pene
1184 1191 1388 1240 omnia
1407 1191 1477 1254 ijs
1497 1191 1714 1253 pariter
1734 1190 2104 1240 conveniant.
2134 1189 2346 1252 Neque
2367 1187 2441 1239 ob
2461 1187 2520 1239 id

323 1274 472 1323 opus
500 1258 589 1319 est,
617 1265 680 1310 ut
707 1259 939 1311 orbium
964 1259 1243 1312 statuatur
1263 1275 1574 1325 compages
1594 1259 1792 1312 solida.
1820 1259 2044 1312 Sufficit
2065 1262 2338 1312 circuitus
2360 1266 2414 1311 et
2434 1274 2519 1311 re-

321 1333 614 1381 motiones
634 1330 886 1382 fiderum
904 1333 1056 1383 inter
1075 1331 1130 1383 se
1150 1332 1330 1383 talem
1350 1334 1806 1383 concinnitatem
1825 1338 2002 1395 atque
2022 1330 2397 1382 harmoniam
2421 1330 2520 1382 ob-

322 1401 565 1453 servare.
595 1402 720 1453 Nec
746 1403 1157 1466 praetereunda
1178 1403 1252 1455 est
1273 1402 1479 1456 octava
1500 1402 1762 1466 sphaera,
1791 1405 1935 1466 quin
1961 1405 2023 1453 in
2049 1401 2162 1453 hoc
2184 1401 2365 1453 choro
2388 1417 2519 1466 pro·
2575 1418 2616 1453 ιε

322 1472 788 1537 portionabiliter
812 1473 1011 1525 locum
1038 1474 1299 1539 aliquem
1325 1475 1599 1526 obtineat.
1627 1473 1879 1525 Nullum
1906 1475 2067 1525 enim
2093 1473 2168 1524 est
2194 1473 2440 1525 dubium
2460 1475 2522 1524 in
2571 1477 2600 1520 ἢ·

323 1544 594 1595 universo
622 1547 825 1596 omnia
851 1551 1007 1596 certa
1032 1545 1350 1597 harmonia
1376 1552 1430 1597 et
1455 1548 1834 1609 proportione
1861 1544 1937 1596 ad
1963 1547 2217 1595 invicem
2245 1545 2522 1596 divinitus

323 1615 507 1667 relata
528 1621 581 1666 et
602 1615 873 1667 ordinata
894 1617 1013 1677 esse,
1035 1619 1116 1668 ita
1135 1623 1199 1668 ut
1218 1623 1340 1668 tam
1359 1618 1623 1668 numeris
1645 1632 1827 1680 quam
1846 1615 2047 1680 figuris
2066 1613 2348 1667 succincte
2367 1630 2521 1666 com-

322 1685 779 1750 prehendantur,
800 1687 982 1739 veluti
1003 1703 1040 1739 a
1059 1687 1436 1753 Pythagoreis
1458 1694 1513 1739 et
1531 1687 1845 1739 Platonicis
1870 1686 2221 1739 iamdudum
2240 1686 2521 1750 aliquate-

323 1773 435 1808 nus
455 1757 769 1821 praevisum
790 1758 879 1810 est.
902 1759 1016 1810 His
1035 1761 1233 1823 itaque
1254 1760 1501 1810 ulterius
1520 1760 1736 1823 ingenij
1760 1774 1974 1810 nervos
1995 1757 2241 1822 applica,
2264 1764 2319 1809 et
2337 1757 2379 1808 fi
2399 1773 2521 1808 om·
2572 1775 2618 1809 20

323 1829 629 1880 nimodam
650 1829 1111 1891 consonantiam,
1134 1846 1269 1894 quae
1290 1830 1457 1882 nulla
1478 1845 1549 1882 ex
1569 1836 1732 1894 parte
1754 1829 2054 1890 claudicet,
2077 1831 2215 1881 etin
2235 1844 2355 1893 qua
2374 1828 2524 1880 nihil

324 1902 501 1951 etiam
530 1899 896 1961 desideretur,
927 1901 1318 1963 adinveneriS‚
1350 1904 1462 1953 eris
1491 1900 1640 1952 mihi
1668 1916 1918 1966 magnus
1947 1900 2183 1964 Apollo,
2215 1900 2523 1963 Quantum

324 1986 430 2035 ego
457 1973 571 2022 tuis
597 1971 709 2023 hac
735 1974 797 2023 in
823 1988 886 2024 re
913 1973 1114 2024 arduis
1141 1973 1447 2025 conatibus
1473 1972 1780 2024 subvenire
1805 1978 2027 2037 poter0,
2054 1987 2150 2023 me
2174 1974 2524 2035 neutiquam

323 2041 566 2094 habebis
593 2042 908 2104 difficilem,
935 2044 1254 2108 praesertim
1279 2044 1320 2095 fi
1345 2060 1440 2096 me
1467 2060 1626 2095 nunc
1648 2046 1711 2095 in
1733 2043 2062 2096 Germania
2087 2042 2394 2108 degentem
2417 2049 2472 2094 et
2492 2057 2523 2094 e

322 2116 512 2177 patria
531 2113 648 2166 huc
669 2130 806 2166 cum
824 2121 946 2166 tota
965 2114 1207 2176 familia,
1231 2132 1307 2167 ne
1327 2122 1524 2167 tantus
1544 2115 1642 2167 ille
1661 2117 1875 2179 periret
1893 2114 2228 2166 Thesaurus
2248 2114 2522 2165 Astrono-
2573 2129 2619 2164 25

323 2187 527 2245 micuS,
557 2191 640 2236 tot
669 2189 859 2246 anniS,
889 2186 1189 2239 laboribus
1218 2193 1271 2239 et
1295 2186 1621 2251 sumptibus
1648 2192 2040 2250 comparatus,
2070 2183 2395 2250 profectum
2421 2184 2524 2236 ali-

324 2256 564 2320 quando
585 2257 846 2309 inviseris
869 2264 923 2309 et
941 2273 1177 2310 mecum
1198 2274 1399 2310 coram
1420 2259 1491 2310 de
1513 2257 1865 2310 eiuscemodi
1884 2257 2224 2309 sublimibus
2244 2255 2419 2308 rebus
2438 2258 2524 2307 iu-

325 2327 515 2379 cunde
543 2334 597 2379 et
623 2335 781 2392 grate
809 2329 1140 2381 contuleris
1162 2329 1326 2381 Vale.
1355 2330 1668 2381 Dabantur
1687 2328 2116 2393 Wandelburgi
2136 2330 2198 2379 in
2219 2343 2352 2379 arce
2373 2327 2524 2379 Ran-

324 2401 578 2451 zoviana
594 2399 805 2451 semisse
822 2401 1234 2452 tantummodo
1251 2400 1519 2452 milliaris
1534 2400 1885 2464 Hamburgo
1900 2406 2142 2459 remota,
2165 2414 2347 2463 quam
2366 2414 2525 2450 nunc

325 2469 608 2530 inhabit0,
637 2477 691 2522 et
716 2471 1005 2523 translatis
1031 2471 1149 2523 huc
1171 2487 1202 2523 e
1222 2472 1424 2524 Dania
1448 2471 1740 2523 machinis
1766 2473 1915 2522 meis
1935 2470 2355 2521 Astronomicis
2379 2476 2524 2521 tota·
2574 2484 2621 2519 30

326 2556 440 2604 que
461 2540 851 2606 suppellectile
877 2543 1118 2595 libraria
1140 2542 1314 2595 rebus
1336 2543 1659 2595 coelestibus
1679 2558 1804 2594 non
1822 2545 2021 2593 minus
2042 2557 2224 2605 quam
2244 2548 2420 2593 antea
2440 2543 2524 2592 in-

324 2612 518 2677 vigiIO,
542 2620 595 2664 et
616 2613 839 2665 Divina
858 2617 1044 2678 gratia
1064 2617 1184 2666 otio
1204 2614 1367 2666 fruor
1384 2613 1809 2679 Philosophico.
1832 2613 1906 2665 D.
1925 2614 1962 2665 1.
1977 2612 2163 2677 April.
2184 2612 2324 2678 stylo
2344 2614 2527 2664 veteri

325 2684 506 2735 Anno
527 2685 670 2736 1598.
1870 2719 2109 2771 TYcHo
2138 2719 2381 2770 BRAHE.

1898 2806 2084 2842 manu
2103 2792 2356 2854 propria.
2385 2785 2406 2857 ΙΙ
2574 2804 2620 2839 35

1160 2885 1691 2940 POSTSCRIPTA.
2544 2890 2650 2934 154r

472 2969 700 3022 ESCIO
734 2986 853 3034 quo
887 2970 1020 3023 casu
1053 2970 1340 3030 acciderit,
1377 2976 1440 3021 ut
1472 2970 1629 3021 idem
1660 2968 2044 3027 TabellariuS‚
2082 2970 2184 3032 qui
2214 2966 2362 3018 mihi
2393 2973 2525 3018 tuas

483 3041 848 3093 Helmstadio
870 3042 1074 3102 attulit,
1096 3041 1386 3093 famosum
1408 3056 1645 3105 quoque
1665 3047 1720 3092 et
1736 3039 2030 3091 nefarium
2049 3038 2323 3103 scriptum
2342 3036 2524 3089 cuius-

328 3111 465 3162 dam
478 3111 585 3163 feri
601 3112 730 3164 Urfi
743 3116 937 3177 potius
953 3129 1134 3177 quam
1147 3115 1272 3164 veri
1285 3112 1560 3171 hominiS‚
1581 3111 1719 3163 inde
1735 3110 1884 3162 mihi
1900 3109 2069 3162 fimul
2088 3112 2202 3162 tuis
2223 3108 2526 3173 alligatum

328 3183 663 3246 adportarit.
698 3184 899 3236 Huius
933 3200 1068 3236 cum
1099 3184 1470 3248 impudentes
1501 3182 1829 3234 calumnias
1860 3188 1914 3233 et
1942 3181 2188 3233 infanda
2214 3180 2526 3232 mendacia
2574 3195 2621 3229 40

328 3261 504 3318 atque
539 3258 821 3315 convicia,
856 3255 1068 3319 quibus
1099 3254 1273 3319 supra
1304 3254 1551 3306 modum
1581 3260 1635 3305 et
1664 3256 1806 3305 citra
1839 3268 2079 3304 omnem
2107 3250 2536 3317 verecundiam·

328 3326 515 3386 scatet,
538 3327 722 3378 obiter
741 3342 1159 3390 percurrerem,
1180 3328 1370 3389 reperi
1385 3328 1562 3377 etiam
1575 3324 1656 3376 ibi
1669 3332 1839 3376 tuum
1855 3324 2154 3388 quoddam
2170 3321 2525 3387 Epistolium,

2406 3407 2526 3456 quo
