2638 3918
682 306 962 360 INDEX
987 305 1394 360 VIRORUM
1421 305 1926 360 DOCTORUM

201 447 495 492 cathedrali
505 448 755 503 Augustae
766 447 1165 492 Vindelicorum
1179 448 1270 491 do-

201 519 309 563 cuit
337 519 405 563 ab
436 530 577 563 anno
610 518 738 571 1517,
771 519 1045 574 professor
1073 518 1269 562 artium

199 590 709 634 mathematicamm
751 589 1087 635 Vindobonae
1138 589 1267 642 1528,

201 664 444 706 mortuus
458 661 656 705 ibidem
674 660 802 706 1549.
818 662 1020 705 Auctor
1030 661 1127 704 fuit
1138 661 1271 705 Geo-

201 733 408 776 metriae
416 732 767 785 elementaris,
778 744 900 787 quae
909 732 1134 776 Euclidis
1142 731 1270 775 Ele-

199 803 404 847 mentis
423 804 705 856 nitebatur,
726 807 779 847 et
797 804 956 848 libelli
972 804 1038 847 de
1055 806 1270 847 cometa

201 875 325 918 anni
350 875 477 920 1532.

271 946 618 1000 WALTHER,
632 945 984 998 Bernhardus,
1000 947 1157 989 natus
1169 945 1271 989 No-

200 1018 482 1074 rimbergae
502 1018 648 1062 circa
670 1029 872 1061 annum
902 1016 1030 1069 1430,
1059 1017 1270 1073 adjutor

202 1101 266 1133 ac
290 1089 468 1133 socius
489 1089 588 1133 fuit
607 1088 1006 1144 Regiomontani
1031 1089 1099 1132 ab
1127 1099 1268 1132 anno

206 1160 312 1205 1471
343 1164 396 1204 et
419 1163 541 1216 post
566 1160 721 1217 huJus
747 1163 980 1204 mortem
1000 1159 1156 1218 (1476)
1181 1160 1270 1204 ob-

201 1232 530 1277 servationes
541 1232 585 1288 ej
591 1244 653 1276 us
665 1231 1008 1276 continuavit.
1025 1231 1269 1275 Mortuus

202 1306 282 1347 est
303 1303 431 1347 1504.

273 1375 561 1427 WELSER,
600 1385 728 1430 gens
764 1373 989 1429 patricia
1020 1375 1270 1430 Augustae

202 1446 616 1490 vindelicorum.
631 1445 868 1489 Maxime
879 1448 1037 1489 notus
1045 1448 1126 1490 est
1134 1446 1271 1489 Mar-

203 1529 298 1562 cus
321 1518 542 1570 Welser,
572 1520 728 1560 natus
761 1516 890 1569 1558,
921 1518 1107 1561 consul
1140 1517 1268 1570 1594,

202 1591 419 1633 senator
448 1588 576 1641 1598,
604 1591 761 1632 mort.
792 1587 919 1631 1614.
950 1588 1199 1632 Historiae
1219 1591 1273 1632 et

201 1672 382 1704 rerum
400 1660 738 1715 antiquarum
756 1659 954 1714 peritus
967 1663 1098 1712 erat,
1119 1660 1272 1715 eique

203 1731 454 1787 epistulas
471 1732 536 1775 de
554 1731 778 1775 maculis
792 1730 927 1775 Solis
941 1731 1271 1786 conscriptas

202 1803 582 1858 inscripserunt
602 1802 834 1846 Galileus
854 1805 906 1846 et
925 1802 1191 1846 Scheiner.

274 1874 570 1926 WERNER,
605 1875 847 1925 Ioannes,
879 1876 1036 1917 natus
1065 1873 1273 1918 Norim-

203 1946 382 2002 bergae
394 1945 522 1999 1468,
534 1957 630 2001 per
638 1945 868 2001 quinque
879 1956 1049 1989 annos
1059 1945 1113 1988 in
1121 1945 1272 1989 Italia

203 2018 387 2061 studiis
398 2028 623 2072 operam
633 2017 792 2069 dedit,
804 2017 1059 2061 sacerdos
1068 2016 1274 2061 Norim-

2303 307 2408 360 465

1341 446 1519 501 bergae
1549 446 1677 497 1498,
1709 459 1741 490 a
1769 446 1875 490 fide
1904 446 2171 491 catholica
2200 446 2408 499 defecit,

1341 520 1584 561 mortuus
1598 521 1678 561 est
1696 517 1824 561 1528.
1844 518 1918 562 Cf.
1933 521 2064 562 tom.
2082 518 2102 560 1
2117 530 2203 573 pp.
2219 518 2408 561 XXXII

1342 591 1394 632 et
1412 587 1501 632 319
1519 600 1596 643 sq.
1619 592 1671 632 et
1688 592 1819 633 tom.
1842 589 1888 632 11
1914 601 1964 644 p.
1985 589 2125 642 223,³1
2147 601 2260 645 sqq.
2282 601 2409 634 cum

1343 663 1579 704 annotat.

1414 731 1791 784 WINCKLER,
1844 731 2112 784 Nicolaus,
2170 732 2410 776 medicus

1343 802 1495 846 Halis
1515 802 1829 856 Suevorum,
1851 806 2040 847 auctor
2057 802 2299 848 Cometae
2312 803 2411 847 Po-

1341 872 1523 928 goniae
1541 873 1663 927 (vid.
1685 877 1815 919 tom.
1838 874 1910 918 IV
1928 886 1978 930 p.
1999 874 2086 918 348
2106 874 2256 932 sqq.).

1413 944 1877 998 WINSHEMIUS,
1904 945 2069 999 Vitus,
2103 949 2259 990 natus
2284 946 2412 989 Wit-

1340 1016 1632 1072 tembergae
1647 1016 1775 1069 1521,
1791 1017 2063 1072 professor
2069 1017 2201 1073 juris
2211 1017 2410 1061 ibidem

1346 1087 1475 1140 1560,
1497 1087 1827 1132 consiliarius
1841 1088 1976 1144 regis
1990 1089 2179 1133 Daniae
2193 1092 2245 1133 et
2258 1090 2412 1133 deca-

1342 1170 1442 1202 nus
1467 1159 1599 1202 aedis
1619 1159 1940 1203 cathedralis
1961 1159 2257 1216 Hamburgi
2280 1160 2409 1213 1587,

1342 1234 1586 1275 mortuus
1628 1230 1756 1274 1608.
1796 1232 1966 1274 Etiam
1997 1233 2177 1287 Pragae
2209 1233 2411 1287 legatus

1344 1301 1506 1345 fuisse
1524 1302 1748 1346 videtur.

1415 1373 1839 1426 WITTICHIUS,
1877 1374 2082 1427 Paulus,
2108 1373 2412 1418 Vratislavi-

1344 1445 1500 1497 ensis,
1532 1448 1689 1488 natus
1721 1445 1865 1489 circa
1898 1458 2100 1489 annum
2132 1446 2260 1499 1550,
2284 1446 2412 1489 Wit-

1342 1516 1635 1571 tembergae
1648 1517 1881 1571 primum
1894 1517 2279 1572 cumTychone
2290 1529 2413 1561 con-

1344 1599 1554 1643 gressus
1564 1599 1659 1643 per
1669 1600 1880 1632 menses
1892 1589 2196 1643 complures
2205 1588 2411 1633 Hvenae

1343 1662 1588 1703 versatus
1613 1663 1693 1703 est
1722 1659 1850 1713 1580,
1880 1660 2143 1704 rationem
2171 1661 2413 1715 prostha-

1343 1731 1694 1786 phaereticam
1708 1732 1941 1776 excoluit
1951 1732 2088 1776 inter
2101 1732 2303 1786 primos
2322 1731 2408 1789 (cf.

1342 1805 1473 1846 tom.
1496 1802 1517 1845 1
1538 1814 1588 1857 p.
1610 1802 1832 1860 XXXII).
1856 1803 2099 1847 Mortuus
2119 1806 2199 1847 est
2222 1803 2349 1847 1587.

1415 1873 1749 1926 WOLFIUS,
1766 1873 2144 1929 Hieronymus,
2159 1877 2265 1918 nat.
2280 1874 2409 1927 1516,

1346 1948 1589 1989 mortuus
1604 1945 1731 1989 1590.
1746 1945 1965 1990 Basileae
1976 1948 2029 1990 et
2039 1946 2412 2002 AugustaeVin-

1346 2016 1640 2060 delicorum
1654 2017 1891 2060 maxime
1902 2017 2173 2061 habitasse
2186 2017 2408 2061 videtur.

1054 2231 1561 2276 CORRIGENDUM.

278 2305 316 2340 P.
336 2305 455 2346 210,12
473 2314 549 2350 pro
568 2304 616 2340 99
635 2303 761 2341 scribi
781 2303 927 2340 debuit
944 2303 1002 2340 98.

350 3460 397 3495 59
