2638 3918
277 296 381 347 456

348 433 705 484 FABRICIUS,
716 433 919 484 Paulus,
931 433 1343 476 mathematicus

277 504 634 559 Imperatoris,
657 516 857 547 novam
871 505 1080 546 stellam
1096 505 1344 548 observa-

276 576 349 618 vit
374 575 501 626 1572,
524 578 766 618 mortuus
786 575 1120 618 Vindobonae
1145 575 1271 619 1589.

347 655 635 708 FISCHER,
662 655 871 706 Tobias‚
902 659 1077 710 poeta,
1109 659 1265 698 natus
1291 656 1344 698 in

276 727 458 771 Silesia
482 726 610 778 1559,
633 729 876 770 mortuus
901 726 1028 770 1616.

346 806 851 859 FRACASTORIUS,
864 807 1242 861 Hieronymus,
1256 819 1344 849 na-

273 882 357 922 tus
378 879 607 922 Veronae
638 878 765 930 1483,
794 879 987 921 Paduae
1014 878 1197 921 studiis
1224 890 1344 933 ope-

275 963 393 993 ram
426 950 583 1002 dedit,
621 949 944 992 medicinam
980 950 1216 992 exercuit
1247 950 1344 992 Ve-

274 1034 440 1073 ronae,
463 1024 705 1064 mortuus
731 1021 857 1064 1553.
880 1022 1081 1064 Auctor
1100 1021 1232 1072 libri,
1256 1021 1343 1075 qui

275 1096 500 1137 vocatur
518 1092 659 1135 Hom
667 1103 803 1135 ocen
811 1091 957 1135 trica.

346 1172 767 1225 FRANCISCUS,
795 1173 940 1216 Ioan.
964 1172 1133 1229 (Hans
1154 1173 1344 1215 Frand-

275 1244 402 1301 sen),
430 1244 624 1298 profes.
650 1244 932 1288 medicinae
960 1244 1188 1287 Hauniae
1213 1244 1341 1296 1560,

275 1316 480 1359 amicus
499 1315 781 1370 Tychonis,
805 1318 1046 1359 mortuus
1071 1315 1198 1358 1584.

345 1396 381 1438 F
384 1396 688 1448 RANZIUS,
708 1396 1005 1451 Wolfgang‚
1033 1399 1188 1438 natus
1214 1395 1341 1447 1564,

274 1467 545 1522 professor
594 1468 874 1522 theologiae
925 1467 1341 1521 Wittembergae‚

274 1542 517 1582 mortuus
542 1539 668 1583 1628.

346 1619 608 1672 FREDER,
632 1620 873 1670 Ioannes,
896 1622 1051 1661 natus
1077 1618 1204 1669 1544,
1226 1630 1344 1672 pro-

273 1690 445 1734 fessor
464 1691 780 1745 eloquentiae
795 1689 1062 1733 Rostochii
1086 1689 1214 1741 1572,
1235 1690 1343 1732 the-

275 1761 462 1816 ologiae
487 1761 615 1813 1592,
638 1765 880 1805 mortuus
906 1761 1032 1804 1604.

346 1841 626 1893 FUGGER,
649 1842 881 1893 Marcus,
902 1853 930 1884 e
948 1844 1099 1896 gente
1113 1844 1241 1884 nota
1255 1853 1343 1895 pa-

271 1912 423 1955 tricia
438 1913 759 1968 Augustana‚
780 1917 935 1956 natus
954 1913 1081 1965 1529,
1099 1916 1342 1955 mortuus

278 1983 406 2027 1597.

345 2055 698 2107 GARCAEUS,
727 2056 952 2099 Ioannes
975 2055 1224 2112 (Gartze),
1253 2068 1342 2098 na-

271 2130 356 2169 tus
376 2126 776 2182 Wittembergae
807 2127 935 2179 1530,
964 2127 1236 2181 professor
1262 2138 1342 2170 or-

273 2198 406 2241 dinis
438 2198 881 2253 philosophorum
912 2198 1340 2253 Gryphiswaldae

276 2269 404 2321 1561,
457 2269 738 2324 episcopus
789 2270 1148 2325 Brandeburgi
1198 2269 1338 2321 novi,

272 2344 514 2384 mortuus
547 2341 674 2384 1574.
715 2342 917 2385 Auctor
952 2341 1047 2384 fuit
1083 2341 1341 2384 librorum

274 2412 343 2454 ad
375 2412 718 2467 astrologiam
750 2416 802 2455 et
832 2413 1157 2467 theologiam
1190 2412 1341 2466 perti-

272 2483 525 2526 nentium.

346 2563 732 2606 GELALAEUS
741 2563 1139 2620 (Gelal-ed-din)‚
1151 2574 1341 2618 cogno-

272 2646 397 2677 men
416 2634 774 2677 honorificum
791 2635 925 2689 regis
940 2636 1218 2677 Persarum
1235 2635 1341 2677 Me-

272 2706 343 2748 lik
364 2705 525 2757 Shah‚
555 2705 642 2759 qui
662 2706 791 2748 vixit
817 2706 962 2749 circa
986 2718 1185 2748 annum
1210 2706 1337 2749 1100.

273 2776 483 2820 Nomen
513 2777 656 2820 dedit
684 2789 812 2820 aerae
844 2777 1095 2820 Gelalaeae
1123 2778 1175 2832 (a
1205 2778 1253 2820 d.
1287 2777 1339 2819 15

273 2860 343 2890 m.
368 2848 522 2891 Mart.
547 2861 593 2891 a.
621 2847 734 2891 1079
753 2848 804 2892 h.
827 2848 855 2890 6
875 2849 934 2892 A.
956 2848 1062 2904 Μ.),
1086 2861 1249 2902 quam
1270 2848 1340 2890 in-

272 2920 420 2962 duxit
453 2922 793 2963 astronomus
826 2923 878 2962 et
906 2923 1065 2974 poeta
1095 2919 1264 2962 Omar
1293 2921 1339 2962 el

273 2990 532 3046 Chaijami
558 2990 820 3048 (mortuus
848 2990 1076 3047 1123l24).
1109 2990 1182 3034 Cf.
1210 2994 1337 3033 tom.

271 3061 391 3103 VIII
412 3074 461 3116 p.
484 3061 595 3114 85,24
616 3073 740 3105 cum
762 3065 996 3105 annotat.

344 3141 634 3185 GELLIUS
650 3142 1057 3193 SASCERIDES,
1074 3145 1179 3185 nat.
1199 3141 1339 3184 Hau-

272 3212 374 3255 niae
403 3213 530 3265 1562,
557 3213 696 3256 filius
711 3213 739 3265 J
744 3214 831 3255 ani
851 3213 1067 3268 Sasgers
1086 3213 1340 3256 Alcmari-

273 3283 426 3334 ensis,
450 3283 656 3327 Hvenae
676 3287 919 3327 versatus
934 3288 1013 3327 est
1032 3283 1337 3335 1582—1588,

272 3353 324 3395 in
339 3354 489 3397 Italia
504 3358 556 3397 et
570 3355 788 3398 Basileae
808 3356 992 3398 studiis
1014 3367 1235 3410 operam
1256 3356 1341 3398 de-

757 293 1036 345 INDEX
1063 293 1470 346 VIRORUM
1498 293 2004 347 DOCTORUM

1418 434 1492 476 dit
1516 445 1684 487 usque
1708 433 1776 476 ad
1801 446 1847 476 a.
1875 434 2002 485 1593,
2030 434 2302 488 professor
2326 435 2487 478 medi·
2530 477 2532 479 ,

1418 505 1554 548 cinae
1576 504 1804 547 Hauniae
1830 504 1959 556 1603,
1982 508 2224 548 mortuus
2248 505 2375 549 1612.

1489 576 1630 636 GEM
1638 576 1755 627 MA,
1773 576 2059 627 Cornelius,
2074 578 2387 632 astrologus,
2398 589 2487 620 na-

1416 651 1501 690 tus
1520 647 1776 690 Lovaniae
1799 647 1927 698 1535,
1949 650 2192 691 mortuus
2212 647 2334 691 ibid.
2356 649 2482 692 1577.

1490 718 1739 762 GEMMA
1753 718 2020 770 FRISIUS,
2037 718 2238 770 RaIner‚
2262 719 2487 763 Cornelii

1417 793 1583 844 pater,
1612 793 1767 832 natus
1790 789 1843 832 in
1867 789 2028 832 Frisia
2059 789 2187 842 1508,
2214 790 2487 844 professor

1418 862 1611 904 artium
1634 861 2155 912 mathematicarum,
2177 865 2363 916 postea
2380 873 2487 904 me-

1418 933 1608 975 dicinae
1630 932 1902 984 Lovaniae,
1926 935 2169 976 mortuus
2194 933 2320 975 1555.

1490 1003 1887 1055 GEMPERLIN,
1903 1003 2110 1055 Tobias,
2132 1003 2305 1058 pictor
2317 1004 2486 1058 Augu-

1416 1078 1614 1126 stanus,
1642 1074 1909 1129 Tychonis
1939 1075 2154 1117 hortatu
2181 1087 2227 1117 a.
2261 1075 2373 1118 1575
2399 1076 2485 1118 vel

1416 1147 1577 1200 paulo
1598 1149 1718 1200 post
1737 1146 1789 1188 in
1810 1146 1982 1188 Dania
2003 1146 2256 1189 consedit.

1490 1217 1874 1268 GIPHANIUS,
1916 1217 2186 1260 Hubertus
2222 1218 2346 1274 (van
2384 1217 2486 1266 Gif-,

1417 1289 1537 1345 fen),
1560 1291 1715 1331 natus
1731 1289 1785 1331 in
1801 1288 2014 1331 Geldria
2039 1288 2166 1340 1534,
2187 1289 2485 1344 philologus

1417 1364 1469 1403 et
1491 1360 1912 1415 jurisconsultus,
1943 1359 2216 1413 professor
2242 1360 2486 1403 Altdorfii

1421 1431 1548 1482 1583,
1572 1430 1875 1486 Ingolstadii
1899 1430 2026 1482 1590,
2050 1433 2292 1474 mortuus
2317 1430 2444 1474 1604.

1490 1501 2056 1554 GOEDELMANNUS,
2079 1501 2306 1545 Ioannes
2327 1502 2486 1545 Geor-

1417 1574 1544 1628 gius,
1579 1576 1734 1616 natus
1771 1572 1898 1625 1559,
1933 1573 2204 1626 professor
2229 1573 2360 1628 Juris
2394 1574 2485 1617 Ro-

1418 1645 1608 1688 stochii
1651 1644 1777 1686 1580.
1826 1645 2013 1687 Postea
2050 1644 2246 1699 saepius
2282 1646 2485 1700 legatus

1417 1717 1609 1759 missus
1636 1719 1730 1767 est,
1761 1715 1827 1758 ab
1856 1726 1997 1758 anno
2022 1715 2134 1758 1592
2155 1716 2484 1760 consiliarius

1415 1788 1512 1830 fuit
1537 1787 1590 1830 in
1617 1788 1740 1830 aula
1767 1787 2068 1838 Dresdensi,
2098 1798 2282 1830 comes
2305 1788 2484 1830 Palati-

1415 1871 1515 1902 nus
1540 1858 1667 1910 1597,
1690 1861 1932 1901 mortuus
1957 1857 2084 1901 1611.

1489 1929 2270 1982 GRAMINAEUS,Theodorus,
2286 1930 2485 1984 profes-

1415 2014 1505 2045 sor
1513 2001 1707 2044 artium
1717 2001 2063 2044 mathematic
2069 2013 2224 2044 arum
2231 2002 2481 2054 Coloniae,

1416 2076 1603 2116 auctor
1629 2072 1886 2116 librorum
1907 2073 1972 2115 de
1994 2084 2135 2115 nova
2155 2073 2307 2116 stella
2327 2076 2379 2116 et
2398 2084 2484 2117 co-

1416 2145 1569 2187 metis
1594 2156 1857 2187 annorum
1889 2144 2001 2186 1577
2022 2147 2074 2186 et
2098 2143 2224 2188 1580.
2254 2144 2328 2187 Cf.
2350 2147 2480 2188 tom.

1414 2217 1485 2258 III
1507 2229 1555 2271 p.
1578 2215 1701 2267 289,4
1722 2227 1847 2258 cum
1868 2218 2103 2258 annotat.

1487 2287 1850 2338 GRYNAEUS,
1877 2287 2102 2329 Ioannes
2123 2286 2367 2339 Iacobus,
2394 2299 2482 2330 na-

1414 2362 1498 2402 tus
1519 2359 1704 2401 Bernae
1735 2357 1863 2409 1540,
1891 2357 2164 2411 professor
2183 2358 2375 2401 veteris
2393 2358 2483 2402 Te-

1414 2429 1663 2473 stamenti
1685 2429 1904 2471 Basileae
1931 2428 2057 2480 1575,
2086 2431 2329 2472 mortuus
2353 2429 2480 2472 1617.

1486 2499 1849 2551 GRYNAEUS,
1863 2499 2061 2551 Simon,
2076 2503 2232 2543 natus
2247 2500 2374 2549 1493,
2391 2500 2483 2543 hu-

1413 2571 1682 2615 manitatis
1696 2571 1879 2614 studiis
1891 2573 1942 2613 et
1950 2571 2235 2626 theologiae
2249 2583 2307 2614 se
2321 2571 2479 2624 dedit,

1414 2643 1683 2698 professor
1709 2642 2004 2684 litterarum
2027 2642 2341 2685 Graecarum
2363 2642 2482 2685 Hei-

1414 2715 1676 2769 delbergae
1693 2713 1821 2764 1524,
1835 2713 2054 2756 Basileae
2071 2713 2199 2765 1529,
2212 2713 2482 2757 Ptolemaei

1415 2784 1689 2840 Syntaxin
1723 2785 1912 2828 Graece
1945 2785 2106 2828 edidit
2140 2785 2268 2835 1538,
2305 2787 2482 2828 rector

1415 2852 1710 2900 academiae
1731 2859 1974 2899 mortuus
1994 2859 2073 2899 est
2097 2856 2223 2899 1541.

1487 2927 1939 2971 GUALTHERUS
1960 2927 2063 2970 vid.
2081 2927 2298 2970 Walter.

1486 2998 2056 3050 GYLDENSTJERNE,
2095 2998 2312 3050 Axillus,
2359 3009 2480 3041 con-

1414 3071 1658 3114 sobrinus
1695 3070 1977 3125 Tychonis,
2024 3069 2309 3124 praefectus
2351 3069 2479 3112 Nor-

1413 3142 1595 3197 vegiae.

1485 3212 2055 3264 GYLDENSTJERNE,
2079 3212 2309 3263 Henric.‚
2335 3222 2479 3254 soro-

1413 3296 1527 3327 rem
1541 3284 1807 3338 Tychonis
1826 3284 1878 3326 in
1898 3283 2299 3326 matrimonium
2314 3281 2475 3324 duxit.

1486 3355 1877 3398 GYPHANIUS
1900 3355 2003 3397 vid.
2029 3354 2332 3408 Giphanius.
