2678 4022
308 268 402 319 102
842 263 1282 316 EPISTOLAE
1308 263 1979 316 ASTRONOMICAE

306 410 633 464 lucinatum
646 407 802 458 fuisse
816 421 941 458 non
955 406 1219 458 dixerim.
1235 405 1581 470 Oportuisset
1593 409 1753 458 enim
1765 421 1903 458 eum
1913 406 1986 457 fic
1998 421 2102 470 per
2114 408 2509 470 quincuncem

305 480 425 532 fere
452 479 665 544 gradus
686 477 837 530 Solis
858 477 1313 529 declinationem
1336 477 1641 529 admittere
1668 493 1996 537 erroneam,
2024 477 2184 541 quod
2211 492 2282 528 ea
2308 477 2507 529 instru-

305 558 641 602 mentorum
660 548 1005 613 magnitudo
1026 555 1081 600 et
1102 548 1441 608 elaboratiO,
1463 564 1583 613 qua
1602 547 1991 612 Tropicorum
2010 548 2510 612 intercapedinem

305 622 419 673 five
440 621 735 684 Eclipticae
757 619 1224 683 obliquationem
1250 622 1404 671 intra
1428 622 1659 672 tertiam
1684 622 1897 671 minuti
1920 625 2148 684 partem
2167 621 2413 671 rimatus
2435 619 2509 671 est

307 693 433 757 (nifi
460 699 515 743 et
540 691 695 743 hanc
716 691 789 743 ab
811 691 1270 743 HIPPARCHO
1297 690 1700 754 mutuabatur)
1722 706 1847 742 non
1871 693 2103 754 patitur.
2132 690 2224 742 Sic
2245 697 2300 742 et
2320 690 2508 743 Lunae

304 763 550 815 latitudo
576 764 841 814 maxima
867 762 940 814 ab
967 762 1070 813 illo
1095 778 1200 826 per
1223 762 1639 814 Parallaticum
1664 761 2027 826 deprehensa
2052 761 2203 813 adeo
2228 777 2509 826 magnam

304 835 672 886 Instrumenti
701 833 999 885 fallaciam
1028 849 1151 885 non
1181 836 1384 898 arguit.
1416 833 1476 885 Si
1502 835 1706 885 omnia
1731 833 1879 893 loca,
1907 848 2042 896 quae
2067 834 2131 883 in
2158 847 2230 884 eo
2255 831 2509 897 suspecta

303 906 503 966 habeS,
532 906 903 957 denotaveris
925 911 979 956 et
998 920 1234 957 mecum
1254 906 1378 956 una
1397 920 1533 956 cum
1554 903 2055 956 observationibus
2075 903 2508 956 HIPPARCHI

303 977 379 1029 ad
394 992 585 1028 annos
601 983 656 1028 et
671 976 795 1028 dies
809 976 1073 1028 Iulianos
1087 983 1241 1028 retro
1256 974 1536 1036 subacto&
1559 975 1757 1028 addita
1770 975 2130 1027 indicatione
2144 974 2509 1027 bissextilium

304 1050 851 1108 communicaveriS,
881 1050 1150 1112 inprimis
1179 1053 1425 1112 gratum,
1454 1063 1563 1099 nec
1592 1046 1799 1098 inutile
1830 1046 1938 1110 (uti
1962 1045 2151 1111 spero)
2180 1046 2507 1110 praestiteris

304 1119 584 1171 officium.

373 1190 603 1255 Scripsit
623 1190 698 1242 ad
718 1205 814 1242 me
834 1189 1115 1242 studiosus
1142 1189 1240 1241 ille
1267 1189 1496 1250 DanuS,
1525 1188 1669 1240 olim
1694 1187 1844 1240 mihi
1869 1188 2231 1249 domesticuS,
2259 1190 2361 1252 qui
2386 1190 2508 1240 iam

303 1262 462 1326 apud
487 1277 594 1313 vos
624 1261 714 1322 est,
747 1261 1285 1313 CHRISTIANUS
1316 1260 1735 1319 IOHANNIS,
1765 1275 1947 1324 penes
1976 1266 2031 1311 te
2058 1261 2161 1311 esse
2191 1259 2409 1312 librum
2435 1260 2508 1312 de

302 1332 735 1385 HIPPARCHI
762 1332 1094 1392 observatiS,
1121 1335 1184 1384 in
1211 1331 1379 1383 Italia
1405 1338 1541 1383 ante
1568 1331 1794 1396 aliquot
1820 1346 2012 1382 annos
2034 1331 2245 1383 Graece
2267 1330 2505 1392 editum,

303 1407 470 1457 cuius
504 1404 805 1468 exemplar
836 1405 1182 1468 impressum,
1216 1409 1319 1455 aut
1350 1405 1499 1454 meis
1527 1402 1809 1454 sumtibus
1842 1402 2190 1466 descriptum
2218 1403 2343 1454 una
2371 1417 2509 1454 cum

301 1478 417 1528 tuis
436 1476 921 1528 annotationibus
940 1474 1381 1540 marginalibus,
1403 1473 1504 1525 ubi
1523 1475 1873 1539 potissimum
1894 1474 2034 1537 quid
2056 1476 2268 1524 erroris
2288 1479 2391 1525 aut
2404 1473 2507 1525 du-

301 1548 378 1612 bij
402 1546 611 1599 subesse
631 1549 946 1611 putaveriS,
967 1547 1009 1598 fi
1027 1548 1392 1610 impertieris,
1413 1561 1538 1597 non
1557 1545 1792 1596 modico
1805 1560 1902 1596 me
1917 1544 2182 1596 affeceris
2201 1543 2507 1597 beneficio,

301 1618 792 1680 ALBATEGNIJ
829 1633 1084 1682 quoque,
1122 1632 1301 1681 quem
1339 1622 1393 1668 et
1428 1616 1980 1668 MAHOMETEM
2016 1615 2364 1667 Aratensem
2400 1615 2508 1680 (uti

301 1689 428 1754 scis)
449 1696 680 1750 vocant,
702 1689 1048 1753 opusculum
1070 1689 1405 1753 castigatum
1427 1687 1718 1752 (plurimis
1737 1690 1897 1739 enim
1913 1687 1973 1739 id
1991 1686 2151 1751 quod
2166 1693 2324 1739 extat
2335 1687 2509 1740 scatet

301 1760 554 1824 mendis)
582 1762 706 1812 una
732 1776 867 1812 cum
893 1762 964 1825 ijs
992 1775 1140 1824 quas
1167 1758 1383 1812 author
1408 1758 1525 1822 ipse
1551 1758 1930 1810 subiunxerat
1954 1757 2215 1819 TabuliS‚
2243 1757 2507 1811 obtinere

301 1848 557 1892 averem,
583 1838 710 1883 tum
731 1847 969 1896 quoque
989 1831 1030 1882 fi
1051 1831 1193 1895 quid
1212 1837 1500 1895 praeterea
1518 1830 1678 1894 apud
1697 1836 1769 1890 te,
1798 1832 2216 1894 antiquitatum
2234 1829 2506 1882 solertissi-

300 1919 468 1955 mum
494 1903 872 1963 excultorem,
899 1902 1176 1954 fimilium
1201 1902 1487 1954 librorum
1513 1907 1811 1965 repertum
1833 1900 2022 1962 fuerit,
2051 1901 2211 1966 quod
2231 1901 2506 1953 Astrono-

300 1977 486 2027 miam
505 1977 568 2026 in
587 1974 710 2039 ipso
732 1974 923 2034 Coelo,
951 1990 1075 2026 non
1100 1973 1235 2026 solis
1263 1972 1477 2025 chartis
1502 1972 1805 2037 quaefitam
1830 1972 2082 2025 illustret.
2112 1972 2349 2037 Optime
2369 1972 2507 2025 sane

300 2046 522 2107 feceriS‚
552 2046 593 2097 si
621 2061 717 2098 me
748 2046 819 2098 de
849 2048 920 2111 ijs
950 2045 1270 2097 reddideris
1301 2046 1623 2105 certiorem,
1659 2050 1713 2096 et
1745 2050 1993 2096 conatus
2021 2043 2244 2096 nostros
2272 2046 2355 2099 ita
2383 2059 2508 2096 non

300 2133 513 2182 parum
533 2120 768 2169 iuveris,

373 2188 527 2252 Quae
549 2189 620 2241 de
640 2186 1064 2252 AEquinoctiali
1086 2187 1324 2252 eiusque
1344 2187 1497 2252 polis
1516 2186 1850 2248 mobilibuS,
1879 2187 2158 2252 quodque
2179 2185 2451 2239 differant
2471 2202 2508 2239 a

299 2260 440 2325 polo
457 2260 675 2312 Mundi
696 2260 925 2320 disseriS,
946 2261 1009 2311 in
1029 2261 1100 2325 iJ‘s
1119 2259 1223 2311 tibi
1244 2258 1580 2323 adstipulari
1600 2274 1724 2310 non
1743 2259 1981 2323 possum,
2002 2258 2170 2310 aliter
2188 2273 2285 2309 me
2305 2257 2506 2310 instru-

302 2337 435 2383 ente
455 2331 578 2395 ipsa
598 2333 974 2396 experientia.
1000 2330 1382 2395 Deprehendi
1405 2333 1564 2382 enim
1585 2346 1657 2382 ex
1676 2336 1904 2382 mutata
1922 2329 2230 2382 latitudine
2250 2328 2508 2381 fixarum

299 2405 465 2454 iuxta
475 2405 918 2467 proportionem
929 2408 1172 2453 mutatae
1185 2401 1544 2465 obliquitatis
1557 2401 1843 2466 Signiferi,
1856 2417 1893 2453 a
1902 2400 2265 2465 temporibus
2273 2400 2506 2452 ΤΙΜΟ-

302 2473 614 2535 CHARIS‚
646 2473 1079 2525 HIPPARCHI
1106 2480 1160 2524 et
1186 2472 1632 2532 PTOLEMAEI,
1662 2472 1964 2536 hucusque
1995 2472 2059 2536 (fi
2086 2473 2266 2524 modo
2297 2487 2507 2524 eorum

302 2544 605 2597 observata
623 2547 687 2596 in
707 2544 926 2609 angulo
948 2544 1368 2608 obliquationis
1389 2546 1669 2595 maximae
1691 2550 1746 2595 et
1765 2546 1990 2595 caeteris
2012 2546 2177 2595 omni
2189 2545 2332 2595 vitio
2347 2558 2505 2595 care-

301 2623 420 2677 ant,
436 2632 555 2681 qua
569 2616 640 2667 de
655 2632 718 2668 re
732 2631 857 2668 non
869 2618 1012 2667 citra
1022 2618 1280 2667 rationes
1293 2614 1516 2678 dubito)
1531 2615 1873 2679 Eclipticam
1883 2617 2078 2680 potius
2091 2630 2273 2679 quam
2283 2614 2505 2679 AEqua-

299 2694 489 2739 torem
515 2703 651 2739 cum
676 2687 791 2739 suis
817 2687 969 2751 polis
994 2686 1320 2738 instabilem
1347 2687 1468 2746 esse,
1496 2686 1631 2738 Sole
1658 2702 1782 2738 non
1801 2686 2026 2751 semper
2046 2686 2299 2738 eandem
2317 2685 2506 2738 multo

300 2758 630 2811 seculorum
643 2756 948 2810 interiectu
962 2758 1331 2817 describente,
1347 2764 1402 2809 et
1416 2773 1539 2809 una
1554 2773 1625 2809 ea
1638 2757 1786 2818 loca,
1802 2758 2015 2822 quibus
2030 2755 2506 2822 aequinodtialem

300 2830 513 2891 transit,
541 2830 838 2882 successive
865 2831 1238 2894 anticipante.
1267 2828 1442 2881 Unde
1469 2828 1533 2880 fit
1558 2835 1622 2880 ut
1647 2829 1822 2880 stellae
1848 2828 1985 2880 fixae
2005 2829 2354 2881 tantundem
2373 2843 2504 2893 pro-

299 2902 461 2966 gredi
479 2901 808 2962 videantur,
836 2907 1127 2965 quantum
1151 2900 1252 2952 Sol
1277 2899 1407 2951 haec
1432 2898 1649 2964 puncta
1675 2902 1974 2952 anteriora
1998 2900 2201 2952 reddit.
2230 2900 2504 2964 Cumque

300 2973 359 3024 id
388 2973 473 3024 illi
501 2975 707 3033 motui,
739 2975 840 3036 qui
870 2974 1145 3024 convenit
1174 2969 1423 3023 defectui
1449 2972 1613 3022 Anni
1644 2971 1908 3032 Coelestis
1938 2972 2012 3023 ab
2041 2972 2223 3023 Anno
2253 2970 2503 3030 Iulian0,

301 3059 425 3095 non
450 3043 627 3108 plane
649 3050 1004 3108 coaequetur,
1032 3043 1161 3094 fieri
1187 3045 1407 3106 nequit,
1434 3048 1498 3094 ut
1523 3042 1698 3094 stellae
1725 3042 1862 3094 fixae
1883 3043 2086 3108 ijsdem
2105 3043 2269 3094 Anni
2289 3041 2505 3094 Iuliani

301 3114 506 3166 diebus
535 3130 639 3179 per
667 3115 895 3179 aliquot
923 3114 1254 3166 seculorum
1282 3113 1593 3165 intervalla
1619 3130 1755 3165 cum
1782 3114 1917 3166 Sole
1945 3116 2210 3166 oriantur
2234 3113 2330 3165 vel
2356 3115 2503 3165 occi-

302 3186 459 3245 dant,
482 3186 612 3251 alijs
628 3188 807 3238 etiam
822 3185 1304 3238 concurrentibus
1319 3184 1518 3245 cauES,
1542 3200 1677 3249 quae
1699 3185 2144 3250 discrepantiam
2164 3187 2412 3250 pariant.
2434 3184 2504 3236 Et

301 3257 434 3308 licet
453 3257 512 3308 id
532 3260 736 3321 paucis
758 3257 1105 3321 quibusdam
1124 3256 1295 3308 stellis
1310 3262 1609 3320 utcunque
1624 3272 1727 3320 per
1740 3256 1986 3321 longum
1998 3257 2316 3308 Annorum
2330 3258 2503 3307 inter-

302 3328 529 3380 vallum
556 3335 886 3393 competere
912 3329 1087 3393 possit,
1115 3335 1315 3380 tamen
1340 3343 1464 3379 non
1486 3327 1711 3392 semper
1731 3334 1833 3379 aut
1853 3327 2144 3380 omnibuS.
2173 3327 2300 3379 Nec
2327 3328 2504 3378 etiam

2378 3397 2503 3449 ulla

2557 412 2585 455 Ἰ·

2557 709 2579 744 5

2561 1063 2604 1099 ιο

2556 1336 2585 1380 ἢ·

2561 1420 2604 1455 15

2557 1775 2604 1811 20

2556 1835 2585 1878 ·1·

2555 2133 2603 2168 25

2554 2490 2602 2525 30

2553 3201 2599 3236 40
