2652 4022
254 320 295 372 I.
318 320 393 373 G.
421 319 967 373 HERWARTUS
994 321 1115 373 AD
1142 321 1650 375 TYCHONEM
1677 322 1810 390 7l17
1837 324 2055 377 SEPT.
2084 326 2229 378 1599
2291 325 2382 378 173

182 468 237 514 et
256 462 552 528 systemate
573 463 1106 515 animadverterem
1129 463 1425 528 duplicem
1450 465 1615 517 illam
1635 469 2042 527 variationem,
2069 473 2192 519 tam
2217 467 2381 519 semi-

179 534 535 586 menstruam
562 549 635 586 ex
660 533 878 599 duplici
903 541 1071 586 motu
1097 537 1137 597 (ζ
1167 551 1203 587 a
1229 538 1308 596 Θ,
1337 552 1519 600 quam
1539 553 1806 590 annuam
1831 538 1996 590 illam
2021 554 2093 590 ex
2116 538 2382 591 distantia

185 607 244 666 Ε)
265 611 368 657 aut
393 606 444 666 Ω
472 604 902 670 dependentem
922 611 1099 670 atque
1119 607 1416 658 nodorum
1437 623 1619 672 quam
1638 611 1837 661 innuis
1858 613 2381 675 reciprocationem

178 676 419 728 tandem
438 676 762 741 aliquando
782 683 885 729 tuo
906 677 1102 729 Marte
1128 679 1449 739 innotuisse‚
1478 694 1612 743 quae
1634 679 1802 732 fimul
1825 683 1949 732 una
1970 683 2304 746 pariterque
2326 689 2380 733 et

76 758 129 801 2r
176 746 471 800 veteribus
497 754 553 799 et
577 743 1061 816 re-flcentioribuS,
1088 750 1211 801 imo
1230 765 1372 801 vero
1392 749 1766 803 vetustissimis
1794 754 1972 804 etiam
1992 759 2047 804 et
2066 754 2380 804 novissimis

178 818 525 883 quibusdam
545 819 893 872 authoribus
914 819 986 871 de
1006 819 1129 884 ipsa
1148 820 1336 881 Luna,
1359 820 1540 873 fidere
1561 821 1769 874 infimo
1792 830 1845 875 et
1867 826 2033 875 cuius
2055 821 2379 876 observatio

176 892 447 942 omnium
467 889 749 942 facillima
767 891 952 943 videri
973 898 1166 955 queat,
1190 894 1488 957 incognita
1506 892 1755 946 fuerant.
1784 894 1996 959 Neque
2017 898 2138 947 iam
2158 895 2378 956 dubito,

176 964 321 1026 quin
341 977 415 1013 ex
434 961 526 1013 his
539 964 655 1014 tuis
669 961 1085 1023 fundamentiS‚
1107 978 1231 1014 non
1244 964 1424 1016 modo
1439 966 1781 1025 recentiora,
1803 981 2011 1018 verum
2026 969 2204 1018 etiam
2217 973 2377 1019 vetu-

174 1032 397 1085 stissima
416 1048 671 1098 quaeque
692 1033 1017 1102 φαινόμενα
1038 1032 1298 1087 exactius
1318 1034 1524 1087 haberi
1545 1043 1781 1100 queant.
1803 1037 2069 1089 Eandem
2090 1041 2250 1089 enim
2269 1041 2377 1090 uti-

84 1122 126 1157 10
175 1119 307 1168 que,
336 1104 432 1155 vel
459 1103 662 1156 saltem
690 1107 930 1157 mutatis
958 1106 1258 1158 mutandis
1288 1106 1649 1159 consimilem
1679 1107 1823 1159 olim
1851 1107 2057 1161 habuit
2086 1111 2378 1161 rationem

172 1181 369 1227 motus
391 1175 595 1237 Lunae‚
623 1191 806 1240 quam
832 1175 1190 1242 qualemque
1216 1184 1282 1229 tu
1305 1178 1486 1230 modo
1513 1180 1943 1231 accuratissimis
1965 1183 2081 1232 tuis
2101 1179 2376 1233 redtifica-

171 1247 527 1308 tissimorum,
558 1248 757 1312 quoad
787 1250 914 1300 eius
943 1247 1070 1300 fieri
1099 1248 1294 1313 potest,
1328 1249 1846 1303 instrumentorum
1876 1251 2377 1303 observationibus

173 1318 380 1370 eruisti.

243 1390 371 1442 Nec
402 1405 498 1442 me
530 1397 772 1442 movent
804 1390 1237 1444 observationes
1272 1392 1391 1444 illae
1423 1408 1460 1445 a
1491 1392 1961 1446 PTOLOMAEO
1996 1400 2051 1446 et
2083 1393 2376 1447 veteribus

80 1478 122 1513 15
171 1459 406 1522 habitae,
433 1477 570 1513 cum
594 1461 728 1526 plus
753 1461 886 1514 satis
913 1462 1142 1523 constet,
1170 1479 1351 1528 quam
1378 1465 1552 1517 crassa
1577 1465 1857 1517 Minerva
1879 1472 2103 1517 veteres
2130 1465 2215 1517 illi
2242 1468 2374 1517 arti-

171 1531 309 1584 fices
329 1532 745 1585 astronomicas
766 1533 1199 1587 observationes
1218 1534 1531 1597 tractarint,
1554 1535 1799 1588 destituti
1812 1552 1937 1588 non
1952 1537 2131 1588 modo
2146 1537 2375 1589 idoneis

170 1603 579 1665 instrumentiS,
613 1620 820 1656 verum
853 1607 1032 1657 etiam
1059 1612 1123 1658 ut
1151 1606 1476 1671 plurimum
1506 1607 1714 1660 calculi
1745 1623 1983 1672 quoque
2015 1608 2257 1672 praecisa
2284 1624 2373 1660 ra-

168 1676 346 1734 tione,
367 1675 427 1727 id
447 1675 606 1740 quod
623 1675 1102 1729 ARISTARCHI
1122 1677 1323 1744 Samii,
1345 1679 1745 1732 AUTOLYCI
1759 1685 1814 1731 et
1828 1678 2260 1732 HIPPARCHI
2281 1680 2373 1731 Bi-

168 1745 355 1812 thynij
376 1746 575 1806 libelli,
597 1750 699 1812 qui
713 1748 789 1799 ad
803 1763 913 1800 nos
927 1763 1265 1813 pervenere,
1287 1752 1473 1801 cuivis
1486 1750 1656 1802 facile
1670 1750 1850 1803 fidem
1863 1751 2094 1810 facient,
2115 1752 2373 1815 plerum-

67 1825 126 1869 2v
169 1832 285 1881 que
315 1820 475 1869 enim
504 1817 568 1872 ἑν
597 1817 803 1871 πλάτει
829 1822 1273 1884 proportionem
1302 1816 1614 1889 ali-nquam
1642 1821 1791 1873 forte
1820 1821 2248 1883 harmonicam,
2278 1822 2373 1874 vel

168 1904 488 1941 numerum
507 1889 769 1954 aliquem
788 1891 1127 1952 rotundum,
1149 1894 1252 1956 qui
1265 1908 1390 1944 non
1402 1892 1657 1945 multum
1671 1909 1709 1945 a
1721 1909 1863 1945 vero
1878 1893 2200 1958 discrepare
2214 1894 2371 1946 vide-

166 1959 354 2021 batur,
376 1960 783 2025 quaefiverunt,
806 1977 997 2026 eoque
1018 1965 1276 2015 contenti
1294 1979 1486 2028 pauca
1507 1964 1783 2029 quaedam
1801 1967 2032 2017 minuta
2044 1964 2216 2016 nihili
2230 1964 2370 2016 aesti-

166 2039 422 2092 marunt,
448 2034 572 2084 imo
590 2032 687 2084 vel
706 2036 885 2085 unius
911 2035 1126 2098 gradus
1152 2035 1542 2099 quadrantem
1569 2051 1693 2087 non
1717 2038 1918 2101 magni
1940 2035 2219 2088 fecerunt.
2247 2035 2370 2100 Ipse

167 2117 406 2167 quoque
420 2103 934 2158 PTOLOMAEUS
952 2106 1150 2169 quoad
1167 2105 1538 2158 latitudinem
1552 2107 1757 2167 Lunae,
1776 2107 1847 2159 de
1866 2123 1985 2171 qua
2001 2106 2212 2165 scribis,
2234 2123 2370 2159 cum

71 2191 116 2226 25
166 2176 524 2238 acquieverit
539 2175 1135 2229 ERATOSTHENIS
1149 2180 1408 2239 invento,
1424 2194 1544 2243 quo
1558 2180 1607 2230 is
1621 2178 2001 2230 solstitialium
2015 2177 2368 2242 punctorum

165 2244 494 2298 distantiam
520 2247 596 2298 ad
622 2249 915 2312 integrum
941 2248 1227 2300 circulum
1251 2248 1307 2300 se
1330 2249 1550 2302 habere
1573 2248 1846 2317 (ἔγγιστα)
1867 2256 1932 2301 ut
1951 2251 1995 2301 ll
2016 2249 2091 2301 ad
2111 2249 2180 2302 83
2200 2249 2367 2302 statu-

165 2323 305 2377 erat,
327 2317 748 2382 consequenter
767 2320 1078 2371 necessario
1096 2320 1515 2372 observationis
1534 2337 1605 2373 ea
1622 2324 1867 2381 ratione,
1889 2337 2009 2385 qua
2025 2320 2162 2372 usus
2180 2321 2270 2382 est,
2292 2321 2367 2373 ob

164 2389 506 2453 assumptam
538 2404 576 2441 a
605 2389 662 2441 se
693 2392 943 2442 nimiam
974 2391 1138 2443 istam
1167 2392 1409 2444 Zodiaci
1442 2391 1865 2457 obliquitatem,
1898 2395 2192 2444 minorem
2223 2392 2367 2444 iusto

162 2458 535 2512 latitudinem
563 2460 751 2513 Lunae
780 2461 996 2514 inferre
1026 2462 1240 2515 debuit.
1276 2463 1512 2526 Quodsi,
1543 2470 1607 2515 ut
1636 2464 1793 2515 credi
1820 2464 1928 2528 par
1958 2463 2049 2523 est,
2082 2463 2365 2516 PTOLO-

67 2547 114 2581 30
163 2530 340 2582 MAEI
358 2534 640 2596 temporis
661 2532 976 2597 obliquitas
995 2534 1238 2586 Zodiaci
1256 2541 1421 2587 tanta
1440 2551 1565 2587 non
1585 2538 1833 2587 omnino
1852 2535 2058 2595 fuerat,
2081 2541 2367 2599 quantam

163 2617 236 2653 ex
252 2602 499 2667 praefata
512 2603 1110 2658 ERATOSTHENIS
1125 2608 1407 2670 opinione
1423 2613 1478 2659 et
1492 2606 1999 2659 HIPPARCHUS
2015 2612 2070 2658 et
2082 2606 2365 2659 PTOLO-

162 2673 413 2726 MAEUS
439 2690 573 2726 eam
599 2675 977 2737 admiserunt,
1001 2692 1074 2728 ex
1099 2677 1362 2742 ipfissima
1385 2677 1825 2731 PTOLOMAEI
1850 2678 2252 2730 observatione
2280 2681 2364 2729 in-

61 2752 113 2795 3r
161 2743 298 2796 ferri
323 2745 518 2809 potest,
546 2749 835 2798 maiorem
863 2750 1041 2810 etiam
1063 2755 1190 2800 tum
1213 2748 1369 2801 fuisse
1392 2751 1432 2812 (ζ
1455 2745 1477 2818 ΙΙ
1497 2752 1560 2801 in
1581 2750 1955 2814 quadraturis
1975 2749 2363 2808 latitudinem,

161 2830 344 2879 quam
364 2831 497 2869 eam
519 2833 654 2881 quae
675 2834 927 2871 numero
952 2820 1209 2872 rotundo
1236 2823 1499 2885 quinque
1525 2821 1817 2886 graduum
1837 2836 1874 2872 a
1894 2820 2362 2872 PTOLOMAEO

65 2903 111 2938 35
159 2888 440 2950 proditur.

232 2958 504 3028 Inaudivi
527 2975 765 3024 quoque
791 2961 1054 3023 libenter,
1081 2969 1136 3014 te
1163 2963 1394 3015 tabulas
1414 2970 1546 3015 tuas
1567 2964 1638 3015 de
1659 2969 1827 3015 motu
1852 2963 2255 3021 luminarium,
2282 2962 2361 3013 se-

160 3028 333 3080 orfim
358 3033 508 3095 typis
535 3031 791 3092 excusaS,
820 3036 1044 3086 caeteris
1065 3033 1319 3086 Planetis
1342 3037 1695 3100 praemittere
1716 3034 1969 3086 statuisse.
1998 3033 2181 3098 Spero
2202 3036 2362 3085 enim

159 3099 272 3152 hac
295 3103 522 3153 ratione
543 3101 824 3164 futurum,
851 3110 915 3156 ut
939 3111 1104 3157 tanto
1126 3108 1294 3157 citius
1314 3106 1390 3158 ad
1410 3122 1520 3158 nos
1541 3108 1902 3171 perveniant.
1932 3105 2000 3156 Et
2019 3104 2172 3156 forte
2187 3104 2360 3169 longe

160 3174 431 3224 omnium
460 3172 1010 3238 circumspectissime
1042 3192 1261 3242 ageres,
1291 3178 1387 3229 vel
1414 3177 1617 3230 saltem
1647 3176 1938 3241 defiderijs
1967 3176 2359 3240 plurimorum

64 3258 110 3292 40
159 3241 386 3294 affatim
410 3243 775 3305 satisfaceres,
806 3245 1071 3311 sitimque
1097 3248 1351 3301 nostram
1377 3249 1580 3313 aliqua
1607 3264 1678 3299 ex
1704 3254 1867 3312 parte
1894 3247 2289 3312 restinguereS‚
2319 3247 2360 3298 fi

157 3312 325 3375 solaS‚
346 3314 555 3375 nudaS‚
577 3331 772 3380 puraS,
794 3324 965 3381 putas
984 3318 1215 3371 tabulas
1236 3320 1307 3371 de
1328 3320 1584 3372 motibus
1603 3320 2006 3377 luminarium,
2027 3318 2201 3370 instar
2220 3318 2358 3370 Pru·

157 3387 500 3446 tenicarum,
527 3386 646 3438 fine
672 3391 837 3439 omni
863 3388 1371 3452 demonstratione,
1401 3394 1784 3455 praemitteres
1811 3396 1987 3454 atque
2013 3396 2356 3511 matulraartses.

2239 3476 2280 3511 u
2305 3476 2356 3511 ae
