<?xml version="1.0" encoding="UTF-8"?>
<!DOCTYPE html PUBLIC "-//W3C//DTD XHTML 1.0 Transitional//EN"
    "http://www.w3.org/TR/xhtml1/DTD/xhtml1-transitional.dtd">
<html xmlns="http://www.w3.org/1999/xhtml" xml:lang="en" lang="en">
 <head>
  <title>
</title>
<meta http-equiv="Content-Type" content="text/html;charset=utf-8" />
  <meta name='ocr-system' content='tesseract 3.04.00' />
  <meta name='ocr-capabilities' content='ocr_page ocr_carea ocr_par ocr_line ocrx_word'/>
</head>
<body>
  <div class='ocr_page' id='page_1' title='image "./operaomniaedidit08brahuoft/operaomniaedidit08brahuoft_0167.png"; bbox 0 0 2652 4022; ppageno 0'>
   <div class='ocr_carea' id='block_1_1' title="bbox 86 1110 155 1145">
    <p class='ocr_par' dir='ltr' id='par_1_1' title="bbox 86 1110 155 1145">
     <span class='ocr_line' id='line_1_1' title="bbox 86 1110 155 1145; baseline 0 0"><span class='ocrx_word' id='word_1_1' title='bbox 86 1110 155 1145; x_wconf 87' lang='lat'><strong>10·</strong></span> 
     </span>
    </p>
   </div>
   <div class='ocr_carea' id='block_1_2' title="bbox 87 1466 128 1500">
    <p class='ocr_par' dir='ltr' id='par_1_2' title="bbox 87 1466 128 1500">
     <span class='ocr_line' id='line_1_2' title="bbox 87 1466 128 1500; baseline 0 0"><span class='ocrx_word' id='word_1_2' title='bbox 87 1466 128 1500; x_wconf 85' lang='lat'><strong>1⁵</strong></span> 
     </span>
    </p>
   </div>
   <div class='ocr_carea' id='block_1_3' title="bbox 89 3054 135 3089">
    <p class='ocr_par' dir='ltr' id='par_1_3' title="bbox 89 3054 135 3089">
     <span class='ocr_line' id='line_1_3' title="bbox 89 3054 135 3089; baseline 0 0"><span class='ocrx_word' id='word_1_3' title='bbox 89 3054 135 3089; x_wconf 85' lang='lat'><strong>35</strong></span> 
     </span>
    </p>
   </div>
   <div class='ocr_carea' id='block_1_4' title="bbox 175 308 2373 365">
    <p class='ocr_par' dir='ltr' id='par_1_4' title="bbox 175 308 2373 365">
     <span class='ocr_line' id='line_1_4' title="bbox 175 308 2373 365; baseline 0 -1"><span class='ocrx_word' id='word_1_4' title='bbox 175 310 478 365; x_wconf 91' lang='lat' dir='ltr'>TYCHO</span> <span class='ocrx_word' id='word_1_5' title='bbox 510 310 633 364; x_wconf 89' lang='lat' dir='ltr'><strong>AD</strong></span> <span class='ocrx_word' id='word_1_6' title='bbox 667 309 1128 364; x_wconf 89' lang='lat' dir='ltr'>IOSEPHUM</span> <span class='ocrx_word' id='word_1_7' title='bbox 1161 309 1736 365; x_wconf 88' lang='lat' dir='ltr'>SCALIGERUM</span> <span class='ocrx_word' id='word_1_8' title='bbox 1768 310 1829 365; x_wconf 90' lang='grc'><strong>17</strong></span> <span class='ocrx_word' id='word_1_9' title='bbox 1856 310 2034 364; x_wconf 86' lang='lat' dir='ltr'><strong>APR.</strong></span> <span class='ocrx_word' id='word_1_10' title='bbox 2063 311 2208 365; x_wconf 88' lang='lat'>1599</span> <span class='ocrx_word' id='word_1_11' title='bbox 2282 308 2373 365; x_wconf 83' lang='lat'><strong>153</strong></span> 
     </span>
    </p>
   </div>
   <div class='ocr_carea' id='block_1_5' title="bbox 174 452 2376 661">
    <p class='ocr_par' dir='ltr' id='par_1_5' title="bbox 174 452 2376 661">
     <span class='ocr_line' id='line_1_5' title="bbox 177 452 2375 519; baseline -0 -12"><span class='ocrx_word' id='word_1_12' title='bbox 177 453 579 519; x_wconf 91' lang='lat' dir='ltr'><strong>Epidemicam</strong></span> <span class='ocrx_word' id='word_1_13' title='bbox 598 452 758 505; x_wconf 84' lang='lat' dir='ltr'><strong>isthic</strong></span> <span class='ocrx_word' id='word_1_14' title='bbox 777 454 975 517; x_wconf 85' lang='lat' dir='ltr'><strong>passim</strong></span> <span class='ocrx_word' id='word_1_15' title='bbox 995 454 1336 518; x_wconf 90' lang='lat' dir='ltr'><strong>grassantem</strong></span> <span class='ocrx_word' id='word_1_16' title='bbox 1351 454 1697 506; x_wconf 89' lang='lat' dir='ltr'><strong>conturbata</strong></span> <span class='ocrx_word' id='word_1_17' title='bbox 1713 455 1814 506; x_wconf 88' lang='lat' dir='ltr'><strong>esse</strong></span> <span class='ocrx_word' id='word_1_18' title='bbox 1830 455 2228 519; x_wconf 84' lang='lat' dir='ltr'><strong>cognovissem‚</strong></span> <span class='ocrx_word' id='word_1_19' title='bbox 2250 454 2375 506; x_wconf 83' lang='lat' dir='ltr'><strong>l&#39;ub-</strong></span> 
     </span>
     <span class='ocr_line' id='line_1_6' title="bbox 175 524 2374 590; baseline 0 -13"><span class='ocrx_word' id='word_1_20' title='bbox 175 525 353 577; x_wconf 84' lang='lat' dir='ltr'><strong>stitisse</strong></span> <span class='ocrx_word' id='word_1_21' title='bbox 382 526 462 578; x_wconf 95' lang='lat' dir='ltr'><strong>ibi</strong></span> <span class='ocrx_word' id='word_1_22' title='bbox 490 524 798 590; x_wconf 85' lang='lat' dir='ltr'>paulisper,</span> <span class='ocrx_word' id='word_1_23' title='bbox 829 524 1017 576; x_wconf 90' lang='lat' dir='ltr'><strong>donec</strong></span> <span class='ocrx_word' id='word_1_24' title='bbox 1044 524 1194 575; x_wconf 92' lang='lat' dir='ltr'><strong>mihi</strong></span> <span class='ocrx_word' id='word_1_25' title='bbox 1221 540 1294 576; x_wconf 86' lang='lat' dir='ltr'><strong>ex</strong></span> <span class='ocrx_word' id='word_1_26' title='bbox 1319 524 1480 576; x_wconf 90' lang='lat' dir='ltr'><strong>Aula</strong></span> <span class='ocrx_word' id='word_1_27' title='bbox 1507 524 1780 578; x_wconf 73' lang='lat' dir='ltr'><strong>Caesarea</strong></span> <span class='ocrx_word' id='word_1_28' title='bbox 1807 526 2206 590; x_wconf 83' lang='lat' dir='ltr'><strong>praescriptum</strong></span> <span class='ocrx_word' id='word_1_29' title='bbox 2236 532 2374 585; x_wconf 94' lang='lat' dir='ltr'><strong>erat,</strong></span> 
     </span>
     <span class='ocr_line' id='line_1_7' title="bbox 174 595 2376 661; baseline 0 -13"><span class='ocrx_word' id='word_1_30' title='bbox 174 596 351 661; x_wconf 87' lang='lat' dir='ltr'><strong>ipfius</strong></span> <span class='ocrx_word' id='word_1_31' title='bbox 372 595 740 648; x_wconf 82' lang='lat' dir='ltr'><strong>Maiestatem</strong></span> <span class='ocrx_word' id='word_1_32' title='bbox 763 595 1190 647; x_wconf 87' lang='lat' dir='ltr'><strong>clementissime</strong></span> <span class='ocrx_word' id='word_1_33' title='bbox 1218 611 1448 659; x_wconf 91' lang='lat' dir='ltr'><strong>cupere,</strong></span> <span class='ocrx_word' id='word_1_34' title='bbox 1476 603 1539 647; x_wconf 92' lang='lat' dir='ltr'><strong>ut</strong></span> <span class='ocrx_word' id='word_1_35' title='bbox 1565 596 1780 648; x_wconf 90' lang='lat' dir='ltr'><strong>alicubi</strong></span> <span class='ocrx_word' id='word_1_36' title='bbox 1806 600 1869 648; x_wconf 94' lang='lat' dir='ltr'><strong>in</strong></span> <span class='ocrx_word' id='word_1_37' title='bbox 1888 600 2104 649; x_wconf 91' lang='lat' dir='ltr'><strong>vicinia</strong></span> <span class='ocrx_word' id='word_1_38' title='bbox 2123 613 2219 649; x_wconf 91' lang='lat' dir='ltr'><strong>me</strong></span> <span class='ocrx_word' id='word_1_39' title='bbox 2240 612 2376 649; x_wconf 91' lang='lat' dir='ltr'><strong>con-</strong></span> 
     </span>
    </p>
   </div>
   <div class='ocr_carea' id='block_1_6' title="bbox 141 662 2377 735">
    <p class='ocr_par' dir='ltr' id='par_1_6' title="bbox 141 662 2377 735">
     <span class='ocr_line' id='line_1_8' title="bbox 141 662 2377 735; baseline 0 -16"><span class='ocrx_word' id='word_1_40' title='bbox 141 686 157 704; x_wconf 72' lang='lat' dir='ltr'><strong>r</strong></span> <span class='ocrx_word' id='word_1_41' title='bbox 175 670 441 727; x_wconf 92' lang='lat' dir='ltr'><strong>tinerem,</strong></span> <span class='ocrx_word' id='word_1_42' title='bbox 471 662 493 735; x_wconf 91' lang='grc' dir='ltr'><strong>ΙΙ</strong></span> <span class='ocrx_word' id='word_1_43' title='bbox 523 666 710 719; x_wconf 95' lang='lat' dir='ltr'><strong>donec</strong></span> <span class='ocrx_word' id='word_1_44' title='bbox 739 666 967 718; x_wconf 91' lang='lat' dir='ltr'><strong>malum</strong></span> <span class='ocrx_word' id='word_1_45' title='bbox 996 666 1141 718; x_wconf 94' lang='lat' dir='ltr'><strong>illud</strong></span> <span class='ocrx_word' id='word_1_46' title='bbox 1171 666 1578 730; x_wconf 93' lang='lat' dir='ltr'><strong>Epidemicum</strong></span> <span class='ocrx_word' id='word_1_47' title='bbox 1607 670 1938 720; x_wconf 88' lang='lat' dir='ltr'><strong>remitteret.</strong></span> <span class='ocrx_word' id='word_1_48' title='bbox 1973 669 2230 733; x_wconf 88' lang='lat' dir='ltr'>Ideoque</span> <span class='ocrx_word' id='word_1_49' title='bbox 2259 667 2377 719; x_wconf 92' lang='lat' dir='ltr'><strong>huc</strong></span> 
     </span>
    </p>
   </div>
   <div class='ocr_carea' id='block_1_7' title="bbox 174 737 2382 1871">
    <p class='ocr_par' dir='ltr' id='par_1_7' title="bbox 174 737 2382 1871">
     <span class='ocr_line' id='line_1_9' title="bbox 175 737 2375 804; baseline 0 -14"><span class='ocrx_word' id='word_1_50' title='bbox 175 738 598 803; x_wconf 90' lang='lat' dir='ltr'><strong>Wittebergam</strong></span> <span class='ocrx_word' id='word_1_51' title='bbox 611 744 848 803; x_wconf 92' lang='lat' dir='ltr'><strong>propter</strong></span> <span class='ocrx_word' id='word_1_52' title='bbox 862 738 1205 790; x_wconf 87' lang='lat' dir='ltr'><strong>Academiae</strong></span> <span class='ocrx_word' id='word_1_53' title='bbox 1221 737 1612 789; x_wconf 87' lang='lat' dir='ltr'><strong>celebritatem</strong></span> <span class='ocrx_word' id='word_1_54' title='bbox 1628 754 1723 789; x_wconf 92' lang='lat' dir='ltr'><strong>me</strong></span> <span class='ocrx_word' id='word_1_55' title='bbox 1738 738 2154 803; x_wconf 87' lang='lat' dir='ltr'><strong>aliquantisper</strong></span> <span class='ocrx_word' id='word_1_56' title='bbox 2167 742 2375 804; x_wconf 89' lang='lat' dir='ltr'><strong>recepi.</strong></span> 
     </span>
     <span class='ocr_line' id='line_1_10' title="bbox 176 809 2377 874; baseline 0 -13"><span class='ocrx_word' id='word_1_57' title='bbox 176 810 471 861; x_wconf 88' lang='lat' dir='ltr'><strong>Evocatus</strong></span> <span class='ocrx_word' id='word_1_58' title='bbox 490 815 691 861; x_wconf 90' lang='lat' dir='ltr'><strong>autem</strong></span> <span class='ocrx_word' id='word_1_59' title='bbox 710 809 838 861; x_wconf 83' lang='lat' dir='ltr'><strong>sum</strong></span> <span class='ocrx_word' id='word_1_60' title='bbox 857 823 1047 873; x_wconf 87' lang='lat' dir='ltr'><strong>nuper</strong></span> <span class='ocrx_word' id='word_1_61' title='bbox 1067 809 1266 860; x_wconf 92' lang='lat' dir='ltr'><strong>denuo</strong></span> <span class='ocrx_word' id='word_1_62' title='bbox 1286 809 1550 874; x_wconf 90' lang='lat' dir='ltr'><strong>Pragam,</strong></span> <span class='ocrx_word' id='word_1_63' title='bbox 1579 825 1651 860; x_wconf 86' lang='lat' dir='ltr'><strong>ex</strong></span> <span class='ocrx_word' id='word_1_64' title='bbox 1676 809 2106 862; x_wconf 89' lang='lat' dir='ltr'><strong>clementissimo</strong></span> <span class='ocrx_word' id='word_1_65' title='bbox 2128 810 2377 863; x_wconf 84' lang='lat' dir='ltr'><strong>Caesaris</strong></span> 
     </span>
     <span class='ocr_line' id='line_1_11' title="bbox 174 880 2376 945; baseline 0 -12"><span class='ocrx_word' id='word_1_66' title='bbox 174 880 475 940; x_wconf 84' lang='lat' dir='ltr'><strong>mandatO,</strong></span> <span class='ocrx_word' id='word_1_67' title='bbox 501 895 606 945; x_wconf 92' lang='lat' dir='ltr'><strong>per</strong></span> <span class='ocrx_word' id='word_1_68' title='bbox 631 880 829 932; x_wconf 91' lang='lat' dir='ltr'><strong>literas</strong></span> <span class='ocrx_word' id='word_1_69' title='bbox 848 880 1193 944; x_wconf 88' lang='lat' dir='ltr'><strong>Amplissimi</strong></span> <span class='ocrx_word' id='word_1_70' title='bbox 1220 880 1468 931; x_wconf 90' lang='lat' dir='ltr'><strong>Domini</strong></span> <span class='ocrx_word' id='word_1_71' title='bbox 1492 880 1907 932; x_wconf 91' lang='lat' dir='ltr'>RUDOLPHI</span> <span class='ocrx_word' id='word_1_72' title='bbox 1929 881 2376 943; x_wconf 87' lang='lat' dir='ltr'>CORADUCIJ</span> 
     </span>
     <span class='ocr_line' id='line_1_12' title="bbox 175 951 2376 1016; baseline 0 -12"><span class='ocrx_word' id='word_1_73' title='bbox 175 951 622 1016; x_wconf 87' lang='lat' dir='ltr'><strong>Procancellarij</strong></span> <span class='ocrx_word' id='word_1_74' title='bbox 662 951 1005 1016; x_wconf 82' lang='lat' dir='ltr'><strong>ImperialiS.</strong></span> <span class='ocrx_word' id='word_1_75' title='bbox 1042 952 1111 1003; x_wconf 93' lang='lat' dir='ltr'><strong>Et</strong></span> <span class='ocrx_word' id='word_1_76' title='bbox 1147 954 1591 1015; x_wconf 90' lang='lat' dir='ltr'><strong>quamprimum</strong></span> <span class='ocrx_word' id='word_1_77' title='bbox 1627 952 1904 1015; x_wconf 86' lang='lat' dir='ltr'><strong>quaedam</strong></span> <span class='ocrx_word' id='word_1_78' title='bbox 1938 955 2000 1003; x_wconf 93' lang='lat' dir='ltr'><strong>in</strong></span> <span class='ocrx_word' id='word_1_79' title='bbox 2034 953 2195 1005; x_wconf 87' lang='lat' dir='ltr'><strong>libris</strong></span> <span class='ocrx_word' id='word_1_80' title='bbox 2230 968 2376 1004; x_wconf 94' lang='lat' dir='ltr'><strong>non-</strong></span> 
     </span>
     <span class='ocr_line' id='line_1_13' title="bbox 175 1021 2377 1088; baseline 0 -13"><span class='ocrx_word' id='word_1_81' title='bbox 175 1023 371 1084; x_wconf 82' lang='lat' dir='ltr'><strong>nulliS,</strong></span> <span class='ocrx_word' id='word_1_82' title='bbox 403 1038 553 1087; x_wconf 94' lang='lat' dir='ltr'><strong>quos</strong></span> <span class='ocrx_word' id='word_1_83' title='bbox 580 1022 870 1075; x_wconf 86' lang='lat' dir='ltr'><strong>Caesareae</strong></span> <span class='ocrx_word' id='word_1_84' title='bbox 897 1022 1189 1074; x_wconf 85' lang='lat' dir='ltr'><strong>Maiestati</strong></span> <span class='ocrx_word' id='word_1_85' title='bbox 1218 1021 1529 1074; x_wconf 92' lang='lat' dir='ltr'><strong>humilime</strong></span> <span class='ocrx_word' id='word_1_86' title='bbox 1557 1021 1768 1074; x_wconf 85' lang='lat' dir='ltr'><strong>offerre</strong></span> <span class='ocrx_word' id='word_1_87' title='bbox 1798 1022 2045 1084; x_wconf 91' lang='lat' dir='ltr'><strong>decrevi,</strong></span> <span class='ocrx_word' id='word_1_88' title='bbox 2075 1023 2252 1088; x_wconf 92' lang='lat' dir='ltr'><strong>plane</strong></span> <span class='ocrx_word' id='word_1_89' title='bbox 2279 1024 2377 1076; x_wconf 91' lang='lat' dir='ltr'><strong>ab·</strong></span> 
     </span>
     <span class='ocr_line' id='line_1_14' title="bbox 176 1092 2377 1160; baseline 0 -14"><span class='ocrx_word' id='word_1_90' title='bbox 176 1094 402 1147; x_wconf 82' lang='lat' dir='ltr'><strong>solvero</strong></span> <span class='ocrx_word' id='word_1_91' title='bbox 424 1093 607 1158; x_wconf 86' lang='lat' dir='ltr'><strong>(quod</strong></span> <span class='ocrx_word' id='word_1_92' title='bbox 626 1093 791 1145; x_wconf 93' lang='lat' dir='ltr'><strong>brevi</strong></span> <span class='ocrx_word' id='word_1_93' title='bbox 810 1109 906 1145; x_wconf 93' lang='lat' dir='ltr'><strong>me</strong></span> <span class='ocrx_word' id='word_1_94' title='bbox 928 1092 1273 1146; x_wconf 71' lang='lat' dir='ltr'><strong>effecturum</strong></span> <span class='ocrx_word' id='word_1_95' title='bbox 1292 1093 1481 1158; x_wconf 85' lang='lat' dir='ltr'><strong>spero)</strong></span> <span class='ocrx_word' id='word_1_96' title='bbox 1503 1094 1700 1145; x_wconf 94' lang='lat' dir='ltr'><strong>denuo</strong></span> <span class='ocrx_word' id='word_1_97' title='bbox 1715 1096 1822 1145; x_wconf 89' lang='lat' dir='ltr'><strong>iter</strong></span> <span class='ocrx_word' id='word_1_98' title='bbox 1835 1094 2117 1159; x_wconf 79' lang='lat' dir='ltr'><strong>Pragenl&#39;e</strong></span> <span class='ocrx_word' id='word_1_99' title='bbox 2137 1095 2377 1160; x_wconf 88' lang='lat' dir='ltr'><strong>ingredi,</strong></span> 
     </span>
     <span class='ocr_line' id='line_1_15' title="bbox 176 1164 2378 1230; baseline 0 -12"><span class='ocrx_word' id='word_1_100' title='bbox 176 1172 353 1230; x_wconf 90' lang='lat' dir='ltr'><strong>atque</strong></span> <span class='ocrx_word' id='word_1_101' title='bbox 380 1165 670 1218; x_wconf 84' lang='lat' dir='ltr'><strong>Cael&#39;areae</strong></span> <span class='ocrx_word' id='word_1_102' title='bbox 698 1164 1019 1216; x_wconf 84' lang='lat' dir='ltr'><strong>Maiestatis</strong></span> <span class='ocrx_word' id='word_1_103' title='bbox 1043 1165 1458 1230; x_wconf 87' lang='lat' dir='ltr'><strong>benignissimae</strong></span> <span class='ocrx_word' id='word_1_104' title='bbox 1484 1165 1776 1216; x_wconf 90' lang='lat' dir='ltr'><strong>voluntati</strong></span> <span class='ocrx_word' id='word_1_105' title='bbox 1805 1165 1999 1217; x_wconf 92' lang='lat' dir='ltr'><strong>debita</strong></span> <span class='ocrx_word' id='word_1_106' title='bbox 2026 1164 2378 1218; x_wconf 70' lang='lat' dir='ltr'><strong>subiectione</strong></span> 
     </span>
     <span class='ocr_line' id='line_1_16' title="bbox 175 1236 2380 1302; baseline 0 -13"><span class='ocrx_word' id='word_1_107' title='bbox 175 1252 405 1289; x_wconf 94' lang='lat' dir='ltr'><strong>morem</strong></span> <span class='ocrx_word' id='word_1_108' title='bbox 429 1251 629 1302; x_wconf 90' lang='lat' dir='ltr'><strong>gerere</strong></span> <span class='ocrx_word' id='word_1_109' title='bbox 655 1239 719 1288; x_wconf 95' lang='lat' dir='ltr'><strong>in</strong></span> <span class='ocrx_word' id='word_1_110' title='bbox 745 1239 1016 1288; x_wconf 91' lang='lat' dir='ltr'><strong>animum</strong></span> <span class='ocrx_word' id='word_1_111' title='bbox 1042 1236 1266 1288; x_wconf 83' lang='lat' dir='ltr'><strong>induxi.</strong></span> <span class='ocrx_word' id='word_1_112' title='bbox 1294 1236 1461 1288; x_wconf 92' lang='lat' dir='ltr'><strong>Deus</strong></span> <span class='ocrx_word' id='word_1_113' title='bbox 1482 1236 1758 1300; x_wconf 91' lang='lat' dir='ltr'><strong>Optimus</strong></span> <span class='ocrx_word' id='word_1_114' title='bbox 1779 1236 2084 1288; x_wconf 86' lang='lat' dir='ltr'><strong>Maximus</strong></span> <span class='ocrx_word' id='word_1_115' title='bbox 2107 1236 2380 1289; x_wconf 85' lang='lat' dir='ltr'><strong>successus</strong></span> 
     </span>
     <span class='ocr_line' id='line_1_17' title="bbox 175 1307 2379 1373; baseline 0 -13"><span class='ocrx_word' id='word_1_116' title='bbox 175 1307 482 1373; x_wconf 84' lang='lat' dir='ltr'><strong>prosperos</strong></span> <span class='ocrx_word' id='word_1_117' title='bbox 503 1314 558 1359; x_wconf 91' lang='lat' dir='ltr'><strong>et</strong></span> <span class='ocrx_word' id='word_1_118' title='bbox 578 1314 884 1372; x_wconf 87' lang='lat' dir='ltr'><strong>exoptatos</strong></span> <span class='ocrx_word' id='word_1_119' title='bbox 904 1307 1101 1372; x_wconf 90' lang='lat' dir='ltr'><strong>largiri</strong></span> <span class='ocrx_word' id='word_1_120' title='bbox 1122 1308 1406 1373; x_wconf 89' lang='lat' dir='ltr'><strong>dignetur.</strong></span> <span class='ocrx_word' id='word_1_121' title='bbox 1428 1307 1548 1360; x_wconf 93' lang='lat' dir='ltr'><strong>Ubi</strong></span> <span class='ocrx_word' id='word_1_122' title='bbox 1560 1323 1703 1359; x_wconf 91' lang='lat' dir='ltr'><strong>vero</strong></span> <span class='ocrx_word' id='word_1_123' title='bbox 1721 1315 1958 1372; x_wconf 87' lang='lat' dir='ltr'><strong>portum</strong></span> <span class='ocrx_word' id='word_1_124' title='bbox 1974 1308 2236 1372; x_wconf 91' lang='lat' dir='ltr'><strong>aliquem</strong></span> <span class='ocrx_word' id='word_1_125' title='bbox 2255 1311 2379 1372; x_wconf 91' lang='lat' dir='ltr'><strong>qui-</strong></span> 
     </span>
     <span class='ocr_line' id='line_1_18' title="bbox 178 1378 2379 1444; baseline 0 -13"><span class='ocrx_word' id='word_1_126' title='bbox 178 1387 339 1431; x_wconf 89' lang='lat' dir='ltr'><strong>etum</strong></span> <span class='ocrx_word' id='word_1_127' title='bbox 357 1395 465 1444; x_wconf 94' lang='lat' dir='ltr'><strong>pro</strong></span> <span class='ocrx_word' id='word_1_128' title='bbox 484 1382 633 1431; x_wconf 92' lang='lat' dir='ltr'><strong>meis</strong></span> <span class='ocrx_word' id='word_1_129' title='bbox 651 1379 865 1444; x_wconf 84' lang='lat' dir='ltr'><strong>studijS,</strong></span> <span class='ocrx_word' id='word_1_130' title='bbox 887 1378 1002 1430; x_wconf 88' lang='lat' dir='ltr'><strong>five</strong></span> <span class='ocrx_word' id='word_1_131' title='bbox 1018 1378 1178 1430; x_wconf 82' lang='lat' dir='ltr'><strong>isthic</strong></span> <span class='ocrx_word' id='word_1_132' title='bbox 1193 1379 1307 1430; x_wconf 88' lang='lat' dir='ltr'><strong>five</strong></span> <span class='ocrx_word' id='word_1_133' title='bbox 1322 1379 1462 1431; x_wconf 91' lang='lat' dir='ltr'><strong>alibi</strong></span> <span class='ocrx_word' id='word_1_134' title='bbox 1479 1381 1781 1438; x_wconf 82' lang='lat' dir='ltr'><strong>invenem,</strong></span> <span class='ocrx_word' id='word_1_135' title='bbox 1802 1379 2035 1443; x_wconf 92' lang='lat' dir='ltr'><strong>plenius</strong></span> <span class='ocrx_word' id='word_1_136' title='bbox 2049 1386 2104 1430; x_wconf 92' lang='lat' dir='ltr'><strong>te</strong></span> <span class='ocrx_word' id='word_1_137' title='bbox 2120 1380 2191 1431; x_wconf 94' lang='lat' dir='ltr'><strong>de</strong></span> <span class='ocrx_word' id='word_1_138' title='bbox 2205 1380 2379 1431; x_wconf 92' lang='lat' dir='ltr'><strong>rebus</strong></span> 
     </span>
     <span class='ocr_line' id='line_1_19' title="bbox 177 1450 2380 1516; baseline -0 -14"><span class='ocrx_word' id='word_1_139' title='bbox 177 1451 381 1502; x_wconf 82' lang='lat' dir='ltr'><strong>nostris</strong></span> <span class='ocrx_word' id='word_1_140' title='bbox 403 1450 677 1511; x_wconf 92' lang='lat' dir='ltr'><strong>edoceb0‚</strong></span> <span class='ocrx_word' id='word_1_141' title='bbox 699 1457 875 1514; x_wconf 94' lang='lat' dir='ltr'><strong>atque</strong></span> <span class='ocrx_word' id='word_1_142' title='bbox 891 1450 962 1501; x_wconf 94' lang='lat' dir='ltr'><strong>de</strong></span> <span class='ocrx_word' id='word_1_143' title='bbox 976 1452 1065 1516; x_wconf 85' lang='lat' dir='ltr'><strong>ijS,</strong></span> <span class='ocrx_word' id='word_1_144' title='bbox 1087 1465 1223 1514; x_wconf 86' lang='lat' dir='ltr'><strong>quae</strong></span> <span class='ocrx_word' id='word_1_145' title='bbox 1236 1450 1422 1502; x_wconf 84' lang='lat' dir='ltr'><strong>studia</strong></span> <span class='ocrx_word' id='word_1_146' title='bbox 1437 1450 1584 1509; x_wconf 87' lang='lat' dir='ltr'><strong>haec,</strong></span> <span class='ocrx_word' id='word_1_147' title='bbox 1607 1450 1820 1514; x_wconf 93' lang='lat' dir='ltr'><strong>quibus</strong></span> <span class='ocrx_word' id='word_1_148' title='bbox 1835 1451 2091 1502; x_wconf 93' lang='lat' dir='ltr'><strong>iucunde</strong></span> <span class='ocrx_word' id='word_1_149' title='bbox 2105 1453 2380 1515; x_wconf 90' lang='lat' dir='ltr'><strong>utrinque</strong></span> 
     </span>
     <span class='ocr_line' id='line_1_20' title="bbox 178 1521 2380 1582; baseline 0 -9"><span class='ocrx_word' id='word_1_150' title='bbox 178 1521 486 1582; x_wconf 88' lang='lat' dir='ltr'><strong>afficimur,</strong></span> <span class='ocrx_word' id='word_1_151' title='bbox 518 1527 895 1582; x_wconf 90' lang='lat' dir='ltr'><strong>concernunt,</strong></span> <span class='ocrx_word' id='word_1_152' title='bbox 925 1522 1166 1573; x_wconf 93' lang='lat' dir='ltr'><strong>uberius</strong></span> <span class='ocrx_word' id='word_1_153' title='bbox 1194 1528 1389 1573; x_wconf 92' lang='lat' dir='ltr'><strong>tecum</strong></span> <span class='ocrx_word' id='word_1_154' title='bbox 1415 1521 1680 1573; x_wconf 89' lang='lat' dir='ltr'><strong>conferre</strong></span> <span class='ocrx_word' id='word_1_155' title='bbox 1710 1537 1834 1573; x_wconf 96' lang='lat' dir='ltr'><strong>non</strong></span> <span class='ocrx_word' id='word_1_156' title='bbox 1863 1524 2258 1574; x_wconf 89' lang='lat' dir='ltr'><strong>intermittam.</strong></span> <span class='ocrx_word' id='word_1_157' title='bbox 2290 1522 2380 1573; x_wconf 94' lang='lat' dir='ltr'><strong>In-</strong></span> 
     </span>
     <span class='ocr_line' id='line_1_21' title="bbox 176 1592 2382 1658; baseline -0 -13"><span class='ocrx_word' id='word_1_158' title='bbox 176 1595 348 1645; x_wconf 91' lang='lat' dir='ltr'><strong>terim</strong></span> <span class='ocrx_word' id='word_1_159' title='bbox 378 1593 524 1653; x_wconf 87' lang='lat' dir='ltr'><strong>haec‚</strong></span> <span class='ocrx_word' id='word_1_160' title='bbox 559 1593 634 1645; x_wconf 95' lang='lat' dir='ltr'><strong>ob</strong></span> <span class='ocrx_word' id='word_1_161' title='bbox 666 1592 953 1658; x_wconf 90' lang='lat' dir='ltr'><strong>plurimas</strong></span> <span class='ocrx_word' id='word_1_162' title='bbox 983 1595 1400 1657; x_wconf 91' lang='lat' dir='ltr'><strong>occupationes</strong></span> <span class='ocrx_word' id='word_1_163' title='bbox 1432 1608 1539 1657; x_wconf 95' lang='lat' dir='ltr'><strong>pro</strong></span> <span class='ocrx_word' id='word_1_164' title='bbox 1571 1592 1840 1657; x_wconf 86' lang='lat' dir='ltr'><strong>praesenti</strong></span> <span class='ocrx_word' id='word_1_165' title='bbox 1871 1593 2138 1645; x_wconf 92' lang='lat' dir='ltr'><strong>mittendi</strong></span> <span class='ocrx_word' id='word_1_166' title='bbox 2170 1593 2246 1645; x_wconf 91' lang='lat' dir='ltr'><strong>ad</strong></span> <span class='ocrx_word' id='word_1_167' title='bbox 2274 1608 2382 1645; x_wconf 91' lang='lat' dir='ltr'><strong>vos</strong></span> 
     </span>
     <span class='ocr_line' id='line_1_22' title="bbox 177 1663 2380 1729; baseline -0 -13"><span class='ocrx_word' id='word_1_168' title='bbox 177 1664 374 1716; x_wconf 89' lang='lat' dir='ltr'><strong>literas</strong></span> <span class='ocrx_word' id='word_1_169' title='bbox 395 1663 698 1716; x_wconf 89' lang='lat' dir='ltr'><strong>occafione</strong></span> <span class='ocrx_word' id='word_1_170' title='bbox 719 1664 1123 1728; x_wconf 90' lang='lat' dir='ltr'><strong>deproperata,</strong></span> <span class='ocrx_word' id='word_1_171' title='bbox 1149 1664 1292 1716; x_wconf 93' lang='lat' dir='ltr'><strong>boni</strong></span> <span class='ocrx_word' id='word_1_172' title='bbox 1318 1663 1569 1724; x_wconf 88' lang='lat' dir='ltr'><strong>consule,</strong></span> <span class='ocrx_word' id='word_1_173' title='bbox 1598 1667 1779 1728; x_wconf 93' lang='lat' dir='ltr'><strong>inque</strong></span> <span class='ocrx_word' id='word_1_174' title='bbox 1806 1671 1999 1729; x_wconf 91' lang='lat' dir='ltr'><strong>coepto</strong></span> <span class='ocrx_word' id='word_1_175' title='bbox 2027 1680 2164 1729; x_wconf 91' lang='lat' dir='ltr'><strong>erga</strong></span> <span class='ocrx_word' id='word_1_176' title='bbox 2182 1680 2278 1715; x_wconf 95' lang='lat' dir='ltr'><strong>me</strong></span> <span class='ocrx_word' id='word_1_177' title='bbox 2298 1664 2380 1716; x_wconf 89' lang='lat' dir='ltr'><strong>fa-</strong></span> 
     </span>
     <span class='ocr_line' id='line_1_23' title="bbox 177 1734 2382 1800; baseline -0 -13"><span class='ocrx_word' id='word_1_178' title='bbox 177 1751 319 1787; x_wconf 92' lang='lat' dir='ltr'><strong>vore</strong></span> <span class='ocrx_word' id='word_1_179' title='bbox 341 1742 396 1787; x_wconf 91' lang='lat' dir='ltr'><strong>et</strong></span> <span class='ocrx_word' id='word_1_180' title='bbox 416 1751 620 1787; x_wconf 91' lang='lat' dir='ltr'><strong>amore</strong></span> <span class='ocrx_word' id='word_1_181' title='bbox 640 1734 880 1800; x_wconf 83' lang='lat' dir='ltr'><strong>persiste.</strong></span> <span class='ocrx_word' id='word_1_182' title='bbox 898 1735 1046 1787; x_wconf 90' lang='lat' dir='ltr'><strong>Vale</strong></span> <span class='ocrx_word' id='word_1_183' title='bbox 1061 1735 1164 1786; x_wconf 94' lang='lat' dir='ltr'><strong>Vir</strong></span> <span class='ocrx_word' id='word_1_184' title='bbox 1178 1734 1414 1787; x_wconf 84' lang='lat' dir='ltr'><strong>Illustris</strong></span> <span class='ocrx_word' id='word_1_185' title='bbox 1428 1741 1483 1787; x_wconf 94' lang='lat' dir='ltr'><strong>et</strong></span> <span class='ocrx_word' id='word_1_186' title='bbox 1497 1735 1990 1796; x_wconf 86' lang='lat' dir='ltr'><strong>Excellentissime,</strong></span> <span class='ocrx_word' id='word_1_187' title='bbox 2012 1735 2187 1787; x_wconf 84' lang='lat' dir='ltr'><strong>seculi</strong></span> <span class='ocrx_word' id='word_1_188' title='bbox 2207 1735 2382 1787; x_wconf 85' lang='lat' dir='ltr'><strong>nostri</strong></span> 
     </span>
     <span class='ocr_line' id='line_1_24' title="bbox 179 1805 2238 1871; baseline -0 -12"><span class='ocrx_word' id='word_1_189' title='bbox 179 1807 374 1859; x_wconf 92' lang='lat' dir='ltr'><strong>decus.</strong></span> <span class='ocrx_word' id='word_1_190' title='bbox 396 1806 710 1859; x_wconf 91' lang='lat' dir='ltr'><strong>Dabantur</strong></span> <span class='ocrx_word' id='word_1_191' title='bbox 729 1805 915 1858; x_wconf 85' lang='lat' dir='ltr'><strong>subito</strong></span> <span class='ocrx_word' id='word_1_192' title='bbox 934 1807 1310 1871; x_wconf 86' lang='lat' dir='ltr'><strong>Wittebergae</strong></span> <span class='ocrx_word' id='word_1_193' title='bbox 1331 1807 1424 1858; x_wconf 94' lang='lat' dir='ltr'><strong>die</strong></span> <span class='ocrx_word' id='word_1_194' title='bbox 1445 1807 1501 1859; x_wconf 92' lang='lat'><strong>17</strong></span> <span class='ocrx_word' id='word_1_195' title='bbox 1522 1807 1743 1871; x_wconf 90' lang='lat' dir='ltr'><strong>Aprilis</strong></span> <span class='ocrx_word' id='word_1_196' title='bbox 1762 1807 1927 1858; x_wconf 89' lang='lat' dir='ltr'><strong>Anni</strong></span> <span class='ocrx_word' id='word_1_197' title='bbox 1946 1807 2031 1866; x_wconf 88' lang='lat'><strong>99,</strong></span> <span class='ocrx_word' id='word_1_198' title='bbox 2053 1806 2109 1858; x_wconf 86' lang='lat' dir='ltr'><strong>st.</strong></span> <span class='ocrx_word' id='word_1_199' title='bbox 2127 1814 2238 1859; x_wconf 89' lang='lat' dir='ltr'><strong>vet.</strong></span> 
     </span>
    </p>
   </div>
   <div class='ocr_carea' id='block_1_8' title="bbox 1197 1900 2237 2109">
    <p class='ocr_par' dir='ltr' id='par_1_8' title="bbox 1197 1900 2237 2109">
     <span class='ocr_line' id='line_1_25' title="bbox 1197 1900 2096 1966; baseline 0.002 -14"><span class='ocrx_word' id='word_1_200' title='bbox 1197 1901 1403 1953; x_wconf 85' lang='lat' dir='ltr'><strong>Illustri</strong></span> <span class='ocrx_word' id='word_1_201' title='bbox 1424 1901 1671 1966; x_wconf 87' lang='lat' dir='ltr'><strong>Magnis.</strong></span> <span class='ocrx_word' id='word_1_202' title='bbox 1692 1908 1811 1953; x_wconf 88' lang='lat' dir='ltr'><strong>tuae</strong></span> <span class='ocrx_word' id='word_1_203' title='bbox 1832 1900 2096 1954; x_wconf 72' lang='lat' dir='ltr'><strong>addictiss.</strong></span> 
     </span>
     <span class='ocr_line' id='line_1_26' title="bbox 1723 1972 2237 2056; baseline 0.002 -33"><span class='ocrx_word' id='word_1_204' title='bbox 1723 1972 1965 2025; x_wconf 91' lang='lat' dir='ltr'><strong>TYCHO</strong></span> <span class='ocrx_word' id='word_1_205' title='bbox 1992 1973 2237 2056; x_wconf 55' lang='lat' dir='ltr'><strong>BRAlfiE,</strong></span> 
     </span>
     <span class='ocr_line' id='line_1_27' title="bbox 1752 2059 2214 2109; baseline 0 -14"><span class='ocrx_word' id='word_1_206' title='bbox 1752 2059 1939 2096; x_wconf 89' lang='lat' dir='ltr'><strong>manu</strong></span> <span class='ocrx_word' id='word_1_207' title='bbox 1959 2059 2214 2109; x_wconf 87' lang='lat' dir='ltr'><strong>propria.</strong></span> 
     </span>
    </p>
   </div>
   <div class='ocr_carea' id='block_1_9' title="bbox 181 2183 926 2229">
    <p class='ocr_par' dir='ltr' id='par_1_9' title="bbox 181 2183 926 2229">
     <span class='ocr_line' id='line_1_28' title="bbox 181 2183 926 2229; baseline -0.003 -8"><span class='ocrx_word' id='word_1_208' title='bbox 181 2183 231 2229; x_wconf 88' lang='lat' dir='ltr'><strong>[E</strong></span> <span class='ocrx_word' id='word_1_209' title='bbox 252 2184 396 2221; x_wconf 90' lang='lat' dir='ltr'><strong>codice</strong></span> <span class='ocrx_word' id='word_1_210' title='bbox 417 2183 618 2220; x_wconf 83' lang='lat' dir='ltr'><strong>Bernensi</strong></span> <span class='ocrx_word' id='word_1_211' title='bbox 639 2184 669 2219; x_wconf 91' lang='lat' dir='ltr'>B</span> <span class='ocrx_word' id='word_1_212' title='bbox 694 2184 760 2219; x_wconf 79' lang='lat'><strong>1⁴9</strong></span> <span class='ocrx_word' id='word_1_213' title='bbox 780 2195 819 2219; x_wconf 88' lang='lat' dir='ltr'><strong>n.</strong></span> <span class='ocrx_word' id='word_1_214' title='bbox 839 2183 926 2228; x_wconf 80' lang='lat'><strong>407]</strong></span> 
     </span>
    </p>
   </div>
   <div class='ocr_carea' id='block_1_10' title="bbox 202 2271 2360 2346">
    <p class='ocr_par' dir='ltr' id='par_1_10' title="bbox 202 2271 2360 2346">
     <span class='ocr_line' id='line_1_29' title="bbox 202 2271 2360 2346; baseline 0 -2"><span class='ocrx_word' id='word_1_215' title='bbox 202 2271 696 2346; x_wconf 89' lang='lat' dir='ltr'>IACOBUS</span> <span class='ocrx_word' id='word_1_216' title='bbox 738 2271 1460 2345; x_wconf 90' lang='lat' dir='ltr'>BONGARSIUS</span> <span class='ocrx_word' id='word_1_217' title='bbox 1497 2271 1659 2344; x_wconf 92' lang='lat' dir='ltr'><strong>AD</strong></span> <span class='ocrx_word' id='word_1_218' title='bbox 1696 2271 2360 2345; x_wconf 90' lang='lat' dir='ltr'>TYCHONEM</span> 
     </span>
    </p>
   </div>
   <div class='ocr_carea' id='block_1_11' title="bbox 647 2375 1922 2499">
    <p class='ocr_par' dir='ltr' id='par_1_11' title="bbox 647 2375 1922 2499">
     <span class='ocr_line' id='line_1_30' title="bbox 647 2375 1922 2499; baseline 0 -1"><span class='ocrx_word' id='word_1_219' title='bbox 647 2455 1076 2499; x_wconf 65' lang='lat' dir='ltr'><strong>Nommssmi:</strong></span> <span class='ocrx_word' id='word_1_220' title='bbox 1102 2375 1608 2498; x_wconf 44' lang='grc' dir='ltr'>ΕξξῇαξιξὲειΜΕ</span> <span class='ocrx_word' id='word_1_221' title='bbox 1636 2438 1922 2499; x_wconf 84' lang='lat' dir='ltr'><strong>DOMINE.</strong></span> 
     </span>
    </p>
   </div>
   <div class='ocr_carea' id='block_1_12' title="bbox 181 2541 2383 3247">
    <p class='ocr_par' dir='ltr' id='par_1_12' title="bbox 181 2541 2383 3247">
     <span class='ocr_line' id='line_1_31' title="bbox 325 2541 2383 2612; baseline 0 -19"><span class='ocrx_word' id='word_1_222' title='bbox 325 2586 377 2611; x_wconf 16' lang='lat' dir='ltr'><strong>„g</strong></span> <span class='ocrx_word' id='word_1_223' title='bbox 444 2576 464 2612; x_wconf 13' lang='grc' dir='ltr'><strong>γ’,</strong></span> <span class='ocrx_word' id='word_1_224' title='bbox 485 2597 487 2605; x_wconf 60' lang='grc'><em>,</em></span> <span class='ocrx_word' id='word_1_225' title='bbox 530 2576 532 2578; x_wconf 88' lang='grc'>-</span> <span class='ocrx_word' id='word_1_226' title='bbox 559 2576 561 2579; x_wconf 92' lang='grc'>-</span> <span class='ocrx_word' id='word_1_227' title='bbox 651 2541 788 2594; x_wconf 88' lang='lat' dir='ltr'><strong>RES</strong></span> <span class='ocrx_word' id='word_1_228' title='bbox 805 2544 926 2593; x_wconf 92' lang='lat' dir='ltr'><strong>iam</strong></span> <span class='ocrx_word' id='word_1_229' title='bbox 943 2541 1283 2606; x_wconf 68' lang='lat' dir='ltr'><strong>septimanae</strong></span> <span class='ocrx_word' id='word_1_230' title='bbox 1301 2541 1588 2602; x_wconf 91' lang='lat' dir='ltr'><strong>abierunt,</strong></span> <span class='ocrx_word' id='word_1_231' title='bbox 1608 2557 1681 2593; x_wconf 84' lang='lat' dir='ltr'><strong>ex</strong></span> <span class='ocrx_word' id='word_1_232' title='bbox 1698 2557 1817 2606; x_wconf 95' lang='lat' dir='ltr'><strong>quo</strong></span> <span class='ocrx_word' id='word_1_233' title='bbox 1835 2542 2076 2594; x_wconf 86' lang='lat' dir='ltr'><strong>redditae</strong></span> <span class='ocrx_word' id='word_1_234' title='bbox 2093 2541 2241 2593; x_wconf 93' lang='lat' dir='ltr'><strong>mihi</strong></span> <span class='ocrx_word' id='word_1_235' title='bbox 2254 2541 2383 2593; x_wconf 83' lang='lat' dir='ltr'><strong>sunt</strong></span> 
     </span>
     <span class='ocr_line' id='line_1_32' title="bbox 256 2612 2382 2684; baseline 0 -21"><span class='ocrx_word' id='word_1_236' title='bbox 256 2628 262 2638; x_wconf 70' lang='lat'><strong><em>‘</em></strong></span> <span class='ocrx_word' id='word_1_237' title='bbox 310 2647 319 2658; x_wconf 64' lang='grc'><strong><em>,</em></strong></span> <span class='ocrx_word' id='word_1_238' title='bbox 356 2673 363 2684; x_wconf 36' lang='lat' dir='ltr'><em>s</em></span> <span class='ocrx_word' id='word_1_239' title='bbox 436 2612 455 2662; x_wconf 68' lang='grc' dir='ltr'><strong>ἶ,</strong></span> <span class='ocrx_word' id='word_1_240' title='bbox 535 2621 570 2680; x_wconf 62' lang='grc' dir='ltr'><strong>,ᾗ</strong></span> <span class='ocrx_word' id='word_1_241' title='bbox 603 2647 605 2650; x_wconf 81' lang='lat'><strong>.</strong></span> <span class='ocrx_word' id='word_1_242' title='bbox 649 2613 785 2673; x_wconf 70' lang='lat' dir='ltr'><strong>illae,</strong></span> <span class='ocrx_word' id='word_1_243' title='bbox 802 2628 951 2677; x_wconf 91' lang='lat' dir='ltr'><strong>quas</strong></span> <span class='ocrx_word' id='word_1_244' title='bbox 965 2613 1041 2664; x_wconf 92' lang='lat' dir='ltr'><strong>ad</strong></span> <span class='ocrx_word' id='word_1_245' title='bbox 1054 2628 1150 2664; x_wconf 93' lang='lat' dir='ltr'><strong>me</strong></span> <span class='ocrx_word' id='word_1_246' title='bbox 1166 2613 1363 2665; x_wconf 86' lang='lat' dir='ltr'><strong>dedisti</strong></span> <span class='ocrx_word' id='word_1_247' title='bbox 1378 2613 1461 2664; x_wconf 94' lang='lat' dir='ltr'><strong>IX</strong></span> <span class='ocrx_word' id='word_1_248' title='bbox 1476 2613 1696 2678; x_wconf 88' lang='lat' dir='ltr'><strong>Martij.</strong></span> <span class='ocrx_word' id='word_1_249' title='bbox 1716 2613 1829 2665; x_wconf 91' lang='lat' dir='ltr'><strong>Sed</strong></span> <span class='ocrx_word' id='word_1_250' title='bbox 1844 2629 2037 2677; x_wconf 92' lang='lat' dir='ltr'><strong>neque</strong></span> <span class='ocrx_word' id='word_1_251' title='bbox 2053 2629 2152 2665; x_wconf 91' lang='lat' dir='ltr'><strong>eas</strong></span> <span class='ocrx_word' id='word_1_252' title='bbox 2167 2615 2382 2677; x_wconf 91' lang='lat' dir='ltr'><strong>accepi,</strong></span> 
     </span>
     <span class='ocr_line' id='line_1_33' title="bbox 476 2680 2382 2749; baseline 0 -14"><span class='ocrx_word' id='word_1_253' title='bbox 476 2700 483 2712; x_wconf 53' lang='lat'><em>*</em></span> <span class='ocrx_word' id='word_1_254' title='bbox 558 2680 562 2687; x_wconf 75' lang='grc'><em>’</em></span> <span class='ocrx_word' id='word_1_255' title='bbox 651 2699 798 2748; x_wconf 89' lang='lat' dir='ltr'><strong>quas</strong></span> <span class='ocrx_word' id='word_1_256' title='bbox 824 2699 1122 2736; x_wconf 90' lang='lat' dir='ltr'><strong>memoras</strong></span> <span class='ocrx_word' id='word_1_257' title='bbox 1148 2685 1314 2736; x_wconf 90' lang='lat' dir='ltr'><strong>datas</strong></span> <span class='ocrx_word' id='word_1_258' title='bbox 1336 2684 1438 2736; x_wconf 86' lang='lat' dir='ltr'><strong>sub</strong></span> <span class='ocrx_word' id='word_1_259' title='bbox 1461 2683 1644 2736; x_wconf 90' lang='lat' dir='ltr'><strong>finem</strong></span> <span class='ocrx_word' id='word_1_260' title='bbox 1663 2685 1974 2749; x_wconf 86' lang='lat' dir='ltr'><strong>superioris</strong></span> <span class='ocrx_word' id='word_1_261' title='bbox 2001 2687 2161 2743; x_wconf 90' lang='lat' dir='ltr'><strong>anni,</strong></span> <span class='ocrx_word' id='word_1_262' title='bbox 2188 2699 2382 2748; x_wconf 92' lang='lat' dir='ltr'><strong>neque</strong></span> 
     </span>
     <span class='ocr_line' id='line_1_34' title="bbox 294 2755 2381 2836; baseline 0 -30"><span class='ocrx_word' id='word_1_263' title='bbox 294 2778 366 2836; x_wconf 48' lang='grc' dir='ltr'><strong>-μ</strong></span> <span class='ocrx_word' id='word_1_264' title='bbox 450 2804 464 2812; x_wconf 68' lang='lat'><strong><em>„</em></strong></span> <span class='ocrx_word' id='word_1_265' title='bbox 477 2811 497 2824; x_wconf 24' lang='lat' dir='ltr'><strong>,s</strong></span> <span class='ocrx_word' id='word_1_266' title='bbox 649 2755 1175 2808; x_wconf 88' lang='lat' dir='ltr'><strong>FRANCISCUM</strong></span> <span class='ocrx_word' id='word_1_267' title='bbox 1210 2755 1826 2808; x_wconf 90' lang='lat' dir='ltr'><strong>TENGNAGLIUM</strong></span> <span class='ocrx_word' id='word_1_268' title='bbox 1858 2755 1994 2815; x_wconf 90' lang='lat' dir='ltr'><strong>vidi,</strong></span> <span class='ocrx_word' id='word_1_269' title='bbox 2032 2771 2210 2820; x_wconf 95' lang='lat' dir='ltr'><strong>quem</strong></span> <span class='ocrx_word' id='word_1_270' title='bbox 2242 2771 2279 2807; x_wconf 92' lang='lat' dir='ltr'><strong>a</strong></span> <span class='ocrx_word' id='word_1_271' title='bbox 2310 2762 2381 2815; x_wconf 93' lang='lat' dir='ltr'><strong>te,</strong></span> 
     </span>
     <span class='ocr_line' id='line_1_35' title="bbox 214 2813 2382 2907; baseline 0 -30"><span class='ocrx_word' id='word_1_272' title='bbox 214 2842 363 2907; x_wconf 39' lang='grc' dir='ltr'><strong>ὲχλ)</strong></span> <span class='ocrx_word' id='word_1_273' title='bbox 449 2813 613 2898; x_wconf 47' lang='grc' dir='ltr'><strong>ξιξ*</strong></span> <span class='ocrx_word' id='word_1_274' title='bbox 648 2833 812 2878; x_wconf 88' lang='lat' dir='ltr'><strong>tanto</strong></span> <span class='ocrx_word' id='word_1_275' title='bbox 838 2829 983 2887; x_wconf 91' lang='lat' dir='ltr'><strong>vir0‚</strong></span> <span class='ocrx_word' id='word_1_276' title='bbox 1014 2827 1495 2878; x_wconf 92' lang='lat' dir='ltr'><strong>commendatum</strong></span> <span class='ocrx_word' id='word_1_277' title='bbox 1525 2827 1800 2879; x_wconf 95' lang='lat' dir='ltr'><strong>omnibus</strong></span> <span class='ocrx_word' id='word_1_278' title='bbox 1829 2826 1984 2878; x_wconf 85' lang='lat' dir='ltr'><strong>fuisse</strong></span> <span class='ocrx_word' id='word_1_279' title='bbox 2015 2826 2223 2891; x_wconf 90' lang='lat' dir='ltr'><strong>officijs</strong></span> <span class='ocrx_word' id='word_1_280' title='bbox 2251 2842 2382 2890; x_wconf 92' lang='lat' dir='ltr'><strong>pro-</strong></span> 
     </span>
     <span class='ocr_line' id='line_1_36' title="bbox 385 2896 2382 2963; baseline -0.001 -14"><span class='ocrx_word' id='word_1_281' title='bbox 385 2932 389 2934; x_wconf 96' lang='grc'>-</span> <span class='ocrx_word' id='word_1_282' title='bbox 518 2909 523 2927; x_wconf 84' lang='lat'><em>’</em></span> <span class='ocrx_word' id='word_1_283' title='bbox 551 2898 599 2917; x_wconf 41' lang='lat' dir='ltr'>V</span> <span class='ocrx_word' id='word_1_284' title='bbox 648 2896 892 2949; x_wconf 74' lang='lat' dir='ltr'><strong>ferebas</strong></span> <span class='ocrx_word' id='word_1_285' title='bbox 914 2898 1056 2949; x_wconf 95' lang='lat' dir='ltr'><strong>Non</strong></span> <span class='ocrx_word' id='word_1_286' title='bbox 1075 2897 1411 2962; x_wconf 91' lang='lat' dir='ltr'><strong>gravaberis</strong></span> <span class='ocrx_word' id='word_1_287' title='bbox 1430 2901 1629 2963; x_wconf 93' lang='lat' dir='ltr'><strong>itaque</strong></span> <span class='ocrx_word' id='word_1_288' title='bbox 1650 2905 1910 2962; x_wconf 91' lang='lat' dir='ltr'><strong>repetere</strong></span> <span class='ocrx_word' id='word_1_289' title='bbox 1932 2904 1986 2949; x_wconf 95' lang='lat' dir='ltr'><strong>et</strong></span> <span class='ocrx_word' id='word_1_290' title='bbox 2007 2913 2142 2961; x_wconf 86' lang='lat' dir='ltr'><strong>quae</strong></span> <span class='ocrx_word' id='word_1_291' title='bbox 2163 2897 2276 2948; x_wconf 93' lang='lat' dir='ltr'><strong>illis</strong></span> <span class='ocrx_word' id='word_1_292' title='bbox 2296 2897 2382 2948; x_wconf 92' lang='lat' dir='ltr'><strong>lit-</strong></span> 
     </span>
     <span class='ocr_line' id='line_1_37' title="bbox 181 2967 2382 3033; baseline 0.001 -16"><span class='ocrx_word' id='word_1_293' title='bbox 181 2968 319 3018; x_wconf 91' lang='lat' dir='ltr'><strong>teris</strong></span> <span class='ocrx_word' id='word_1_294' title='bbox 340 2973 507 3018; x_wconf 91' lang='lat' dir='ltr'><strong>erant</strong></span> <span class='ocrx_word' id='word_1_295' title='bbox 527 2967 831 3031; x_wconf 85' lang='lat' dir='ltr'><strong>explicata,</strong></span> <span class='ocrx_word' id='word_1_296' title='bbox 854 2975 909 3020; x_wconf 92' lang='lat' dir='ltr'><strong>et</strong></span> <span class='ocrx_word' id='word_1_297' title='bbox 930 2984 1065 3033; x_wconf 86' lang='lat' dir='ltr'><strong>quae</strong></span> <span class='ocrx_word' id='word_1_298' title='bbox 1085 2968 1264 3021; x_wconf 92' lang='lat' dir='ltr'><strong>huius</strong></span> <span class='ocrx_word' id='word_1_299' title='bbox 1284 2968 1422 3021; x_wconf 94' lang='lat' dir='ltr'><strong>fidei</strong></span> <span class='ocrx_word' id='word_1_300' title='bbox 1443 2969 1830 3021; x_wconf 74' lang='lat' dir='ltr'><strong>commiseras</strong></span> <span class='ocrx_word' id='word_1_301' title='bbox 1854 2969 1958 3020; x_wconf 95' lang='lat' dir='ltr'><strong>Me</strong></span> <span class='ocrx_word' id='word_1_302' title='bbox 1976 2975 2144 3028; x_wconf 93' lang='lat' dir='ltr'><strong>certe,</strong></span> <span class='ocrx_word' id='word_1_303' title='bbox 2165 2983 2382 3032; x_wconf 92' lang='lat' dir='ltr'><strong>magno</strong></span> 
     </span>
     <span class='ocr_line' id='line_1_38' title="bbox 182 3037 2383 3104; baseline 0.001 -16"><span class='ocrx_word' id='word_1_304' title='bbox 182 3044 286 3089; x_wconf 94' lang='lat' dir='ltr'><strong>tuo</strong></span> <span class='ocrx_word' id='word_1_305' title='bbox 300 3040 527 3097; x_wconf 76' lang='lat' dir='ltr'><strong>merim,</strong></span> <span class='ocrx_word' id='word_1_306' title='bbox 541 3037 786 3091; x_wconf 92' lang='lat' dir='ltr'><strong>habebis</strong></span> <span class='ocrx_word' id='word_1_307' title='bbox 800 3039 875 3091; x_wconf 92' lang='lat' dir='ltr'><strong>ad</strong></span> <span class='ocrx_word' id='word_1_308' title='bbox 890 3043 1110 3100; x_wconf 89' lang='lat' dir='ltr'><strong>omnia,</strong></span> <span class='ocrx_word' id='word_1_309' title='bbox 1126 3055 1261 3104; x_wconf 88' lang='lat' dir='ltr'><strong>quae</strong></span> <span class='ocrx_word' id='word_1_310' title='bbox 1277 3041 1517 3104; x_wconf 93' lang='lat' dir='ltr'><strong>quidem</strong></span> <span class='ocrx_word' id='word_1_311' title='bbox 1530 3040 1659 3092; x_wconf 87' lang='lat' dir='ltr'><strong>sunt</strong></span> <span class='ocrx_word' id='word_1_312' title='bbox 1673 3055 1824 3091; x_wconf 87' lang='lat' dir='ltr'><strong>meae</strong></span> <span class='ocrx_word' id='word_1_313' title='bbox 1838 3039 2144 3104; x_wconf 84' lang='lat' dir='ltr'><strong>potestatis,</strong></span> <span class='ocrx_word' id='word_1_314' title='bbox 2159 3039 2383 3103; x_wconf 85' lang='lat' dir='ltr'><strong>semper</strong></span> 
     </span>
     <span class='ocr_line' id='line_1_39' title="bbox 183 3109 2383 3175; baseline 0 -15"><span class='ocrx_word' id='word_1_315' title='bbox 183 3109 615 3173; x_wconf 89' lang='lat' dir='ltr'><strong>paratissimum.</strong></span> <span class='ocrx_word' id='word_1_316' title='bbox 638 3110 766 3162; x_wconf 94' lang='lat' dir='ltr'><strong>Nec</strong></span> <span class='ocrx_word' id='word_1_317' title='bbox 786 3111 941 3162; x_wconf 93' lang='lat' dir='ltr'><strong>addo</strong></span> <span class='ocrx_word' id='word_1_318' title='bbox 961 3110 1154 3175; x_wconf 91' lang='lat' dir='ltr'><strong>plura;</strong></span> <span class='ocrx_word' id='word_1_319' title='bbox 1175 3110 1271 3163; x_wconf 85' lang='lat' dir='ltr'><strong>sed</strong></span> <span class='ocrx_word' id='word_1_320' title='bbox 1285 3112 1568 3163; x_wconf 90' lang='lat' dir='ltr'><strong>mandata</strong></span> <span class='ocrx_word' id='word_1_321' title='bbox 1580 3119 1683 3163; x_wconf 92' lang='lat' dir='ltr'><strong>tua</strong></span> <span class='ocrx_word' id='word_1_322' title='bbox 1698 3109 1961 3175; x_wconf 70' lang='lat' dir='ltr'><strong>exspecto</strong></span> <span class='ocrx_word' id='word_1_323' title='bbox 1977 3110 2201 3174; x_wconf 92' lang='lat' dir='ltr'><strong>cupide.</strong></span> <span class='ocrx_word' id='word_1_324' title='bbox 2222 3110 2383 3162; x_wconf 92' lang='lat' dir='ltr'><strong>Tuas</strong></span> 
     </span>
     <span class='ocr_line' id='line_1_40' title="bbox 183 3180 2383 3247; baseline 0 -16"><span class='ocrx_word' id='word_1_325' title='bbox 183 3194 326 3231; x_wconf 92' lang='lat' dir='ltr'><strong>vero</strong></span> <span class='ocrx_word' id='word_1_326' title='bbox 363 3186 484 3231; x_wconf 93' lang='lat' dir='ltr'><strong>tute</strong></span> <span class='ocrx_word' id='word_1_327' title='bbox 519 3183 736 3245; x_wconf 88' lang='lat' dir='ltr'><strong>poteris</strong></span> <span class='ocrx_word' id='word_1_328' title='bbox 772 3184 1133 3233; x_wconf 90' lang='lat' dir='ltr'><strong>committere</strong></span> <span class='ocrx_word' id='word_1_329' title='bbox 1174 3182 1529 3247; x_wconf 85' lang='lat' dir='ltr'><strong>bibliopolae,</strong></span> <span class='ocrx_word' id='word_1_330' title='bbox 1570 3185 1671 3247; x_wconf 93' lang='lat' dir='ltr'><strong>qui</strong></span> <span class='ocrx_word' id='word_1_331' title='bbox 1713 3181 2047 3243; x_wconf 89' lang='lat' dir='ltr'><strong>CLAUDIJ</strong></span> <span class='ocrx_word' id='word_1_332' title='bbox 2088 3180 2383 3232; x_wconf 89' lang='lat' dir='ltr'>MARINI</span> 
     </span>
    </p>
   </div>
   <div class='ocr_carea' id='block_1_13' title="bbox 183 3250 2230 3319">
    <p class='ocr_par' dir='ltr' id='par_1_13' title="bbox 183 3250 2230 3319">
     <span class='ocr_line' id='line_1_41' title="bbox 183 3250 2230 3319; baseline 0 -17"><span class='ocrx_word' id='word_1_333' title='bbox 183 3250 710 3303; x_wconf 88' lang='lat' dir='ltr'>WECHELIANI</span> <span class='ocrx_word' id='word_1_334' title='bbox 732 3251 987 3304; x_wconf 84' lang='lat' dir='ltr'><strong>officinae</strong></span> <span class='ocrx_word' id='word_1_335' title='bbox 1007 3253 1209 3317; x_wconf 84' lang='lat' dir='ltr'><strong>praeest</strong></span> <span class='ocrx_word' id='word_1_336' title='bbox 1228 3254 1446 3319; x_wconf 85' lang='lat' dir='ltr'><strong>Pragae.</strong></span> <span class='ocrx_word' id='word_1_337' title='bbox 1468 3252 1834 3306; x_wconf 88' lang='lat' dir='ltr'><strong>Francofurti</strong></span> <span class='ocrx_word' id='word_1_338' title='bbox 1855 3254 1891 3304; x_wconf 94' lang='lat' dir='ltr'><strong>l.</strong></span> <span class='ocrx_word' id='word_1_339' title='bbox 1915 3252 2063 3317; x_wconf 89' lang='lat' dir='ltr'><strong>Maij</strong></span> <span class='ocrx_word' id='word_1_340' title='bbox 2087 3252 2230 3305; x_wconf 86' lang='lat'><strong>1599.</strong></span> 
     </span>
    </p>
   </div>
   <div class='ocr_carea' id='block_1_14' title="bbox 179 2515 638 2953">
    <p class='ocr_par' dir='ltr' id='par_1_14' title="bbox 179 2515 638 2953">
     <span class='ocr_line' id='line_1_42' title="bbox 179 2515 638 2953; baseline 0 0"><span class='ocrx_word' id='word_1_341' title='bbox 179 2515 638 2953; x_wconf 95' lang='lat' dir='ltr'><strong>   </strong></span> 
     </span>
    </p>
   </div>
   <div class='ocr_carea' id='block_1_15' title="bbox 327 3439 2382 3504">
    <p class='ocr_par' dir='ltr' id='par_1_15' title="bbox 327 3439 2382 3504">
     <span class='ocr_line' id='line_1_43' title="bbox 327 3439 2382 3504; baseline 0.003 -19"><span class='ocrx_word' id='word_1_342' title='bbox 327 3451 373 3485; x_wconf 91' lang='lat'><strong>20</strong></span> <span class='ocrx_word' id='word_1_343' title='bbox 2275 3439 2382 3504; x_wconf 88' lang='lat' dir='ltr'><strong>[Ex</strong></span> 
     </span>
    </p>
   </div>
  </div>
 </body>
</html>
