2678 4022
321 309 624 363 TYCHO
651 309 774 362 AD
801 309 1279 363 NICOLAUM
1307 311 1719 364 CRAGIUM
1745 311 1822 363 20
1846 312 2048 365 AUG.
2076 312 2222 365 1598
2314 313 2382 364 99

179 451 418 504 Medico
439 467 621 517 quam
645 450 871 511 morb0‚
898 451 1219 516 praesertim
1243 459 1366 504 tam
1385 453 1636 517 vulgari)
1665 460 1816 505 certe
1837 453 1994 506 male
2019 469 2128 518 pro
2147 454 2204 505 se
2224 453 2382 506 ultus

180 522 255 574 est
283 526 580 584 iniuriam,
607 522 648 574 fi
675 538 796 587 qua
821 529 961 583 erat,
989 523 1150 587 quod
1176 539 1312 575 cum
1340 523 1719 577 CRASSAEO
1746 525 1834 577 bis
1859 525 1955 577 vel
1980 531 2067 577 ter
2093 525 2379 590 Rostochij

177 594 408 646 locutus
428 594 572 655 sum,
601 600 656 646 et
680 594 916 646 nullum
934 600 1136 646 tamen
1155 594 1318 646 aliud
1339 594 1603 647 officium
1623 603 1724 648 aut
1746 611 1990 660 operam
2009 596 2113 661 ipfi
2132 596 2381 661 praestiti.

178 666 391 729 Neque
418 667 577 717 enim
603 665 677 717 ab
705 668 870 717 omni
895 665 1266 717 humanitate
1292 673 1414 718 tam
1438 666 1670 718 alienus
1691 668 1794 719 esse
1814 674 2098 731 poteram,
2126 674 2190 720 ut
2215 670 2382 732 tergi-

106 754 128 788 5
176 736 503 788 versatione
532 739 660 788 eius
690 736 932 802 alloquij
964 736 1098 789 satis
1126 737 1414 801 superque
1445 736 1643 790 afflicti
1674 737 2053 790 afflictionem
2085 739 2381 800 adderem,

177 809 279 872 qui
296 807 801 859 commiseratione
819 809 1014 872 potius
1033 823 1215 872 quam
1236 808 1374 860 odio
1396 808 1606 873 dignus
1621 809 1711 860 est.
1734 809 1803 861 Et
1816 809 1857 860 fi
1872 809 2192 862 Salvatoris
2206 810 2382 862 nostri

175 881 415 931 monitis
441 878 791 931 auscultaret
817 878 1131 940 PETRUS‚
1162 879 1400 944 culpam
1427 880 1806 943 improvisam
1831 887 1953 932 tam
1981 884 2153 933 enixe
2180 881 2381 946 depre-

176 952 333 1002 canti
352 950 469 1002 Dei
487 950 690 1002 saltem
711 957 766 1002 et
786 950 1155 1002 conscientiae
1179 952 1368 1002 caussa
1392 954 1723 1003 remitteret.
1751 951 1866 1003 Sed
1885 951 1950 1003 fit
1969 959 2032 1003 ut
2057 952 2382 1016 plurimum

175 1021 235 1073 id
261 1022 421 1086 quod
446 1021 648 1081 infers:
675 1021 956 1073 volumus
981 1022 1152 1074 nobis
1177 1025 1444 1074 maxima
1463 1038 1500 1073 a
1520 1022 1654 1073 Deo
1681 1022 1875 1074 debita
1895 1024 2243 1084 condonari;
2270 1040 2382 1076 nos

85 1109 128 1144 ιο
176 1099 377 1144 autem
401 1095 675 1156 proximo
701 1108 778 1145 ne
803 1096 1054 1145 minima
1080 1093 1338 1158 quidem.
1359 1094 1511 1145 Vere
1537 1096 1711 1158 igitur
1730 1094 1906 1145 nostri
1925 1094 2092 1146 Deus
2112 1095 2380 1147 miserea-

174 1170 285 1224 tur,
312 1170 489 1228 atque
509 1163 666 1216 hanc
686 1166 865 1216 etiam
886 1164 1350 1225 obstinationem,
1372 1171 1428 1216 et
1447 1164 1522 1217 ab
1544 1167 1672 1216 eius
1690 1165 1997 1217 voluntate
2018 1166 2383 1218 aversionem

175 1234 491 1287 clementer
516 1235 788 1300 ignoscat.
816 1235 934 1288 Cui
958 1242 1014 1288 te
1040 1242 1325 1300 tuamque
1350 1236 1729 1288 ELSULAM
1751 1242 1806 1288 et
1824 1236 2040 1288 liberos
2062 1237 2381 1302 omnesque

173 1312 307 1358 tuos
328 1307 697 1359 commendo.
719 1307 885 1368 Vale,
907 1314 962 1359 et
980 1307 1378 1372 prolixitatem
1397 1307 1554 1359 hanc
1573 1307 1715 1359 boni
1736 1307 1988 1359 consule.
2010 1308 2166 1360 Dedi
2185 1309 2289 1360 tibi
2308 1309 2382 1360 fic

175 1378 532 1443 exemplum,
560 1385 624 1430 ut
651 1384 707 1430 et
731 1385 796 1430 tu
821 1378 989 1430 solito
1015 1378 1195 1430 fufius
1218 1379 1294 1431 ad
1316 1394 1413 1430 me
1433 1378 1724 1431 scribereS.
1752 1379 2101 1444 Ignoramus
2123 1382 2282 1431 enim
2303 1395 2382 1432 an

83 1465 125 1500 15
174 1449 385 1514 postea,
415 1465 551 1501 cum
576 1450 811 1515 longius
831 1448 1096 1502 disiuncti
1114 1450 1419 1510 fuerimus,
1448 1465 1520 1502 ea
1540 1450 1788 1510 dabitur,
1817 1466 1952 1515 quae
1979 1466 2155 1511 nunc,
2183 1452 2382 1503 literas

174 1523 325 1572 inter
355 1536 465 1573 nos
499 1521 904 1573 commutandi
936 1524 1321 1586 oportunitas,
1358 1521 1513 1586 Quae
1546 1521 1618 1573 de
1653 1521 1886 1574 Caesare
1921 1528 1975 1573 et
2008 1521 2379 1583 Coloniense‚

173 1591 432 1656 meisque
464 1592 640 1645 rebus
671 1608 831 1644 nunc
862 1593 1136 1653 indicavi,
1169 1593 1353 1645 sorori
1384 1608 1554 1654 meae,
1588 1592 1982 1645 ESCHILLO
2013 1593 2293 1646 BILLEO
2329 1601 2383 1646 et

174 1663 811 1716 ROSAECRANTZIO
841 1664 1034 1716 nostro
1063 1664 1278 1716 secreto
1308 1667 1622 1729 impertire,
1652 1679 1762 1716 nec
1790 1664 1927 1716 ullis
1957 1664 2105 1729 alijs,
2136 1664 2380 1729 Iamque

173 1737 388 1786 iterum
407 1737 531 1786 una
551 1750 687 1786 cum
706 1737 779 1800 ijs
799 1735 1135 1800 caeterisque
1155 1736 1397 1797 AmiciS,
1425 1738 1528 1800 qui
1553 1735 1701 1787 forte
1724 1735 1832 1799 (uti
1852 1734 1938 1799 fit)
1960 1751 2120 1788 nunc
2139 1736 2288 1787 mihi
2309 1737 2380 1788 de

79 1821 160 1864 20²5
173 1805 374 1857 multis
400 1822 557 1858 unus
585 1813 639 1858 et
665 1806 812 1858 alter
838 1814 1025 1867 erunt,
1053 1822 1236 1871 quam
1254 1806 1565 1859 felicissime
1585 1806 1735 1859 vale.
1764 1806 2078 1859 Dabantur
2097 1807 2379 1859 Wandes-

171 1877 358 1942 burgo
379 1877 473 1929 die
492 1878 579 1930 20.
601 1877 844 1943 Augusti
863 1878 920 1930 st.
941 1885 1053 1930 vet.
1075 1879 1257 1930 Anno
1278 1879 1364 1931 98.

1526 1948 1693 2001 Tuus
1717 1948 1959 2002 TYcHo
1987 1949 2233 2010 BRAHE,

1658 2035 1846 2072 manu
1866 2023 2122 2085 propria.
2145 2015 2166 2088 ΙΙ

59 2170 147 2213 33ν
242 2162 463 2215 Addidi
476 2169 689 2227 praeter
703 2177 790 2223 ea,
810 2177 946 2227 quae
961 2162 1171 2214 ultimo
1184 2161 1328 2223 mifi,
1348 2168 1403 2214 et
1417 2162 1537 2214 alia
1549 2161 1669 2214 duo
1685 2162 2063 2227 Exemplaria
2075 2162 2379 2214 literarum

77 2251 123 2285 25
172 2233 593 2294 THADDAEL
613 2249 762 2298 quas
779 2240 916 2286 ante
933 2234 1195 2286 triduum
1211 2237 1428 2299 accepi,
1446 2240 1511 2286 ut
1527 2233 1666 2286 hinc
1678 2234 1898 2294 videaS‚
1919 2249 2101 2298 quam
2117 2233 2264 2285 serio
2281 2249 2378 2285 me

174 2303 494 2370 expedient.

244 2376 402 2429 Cum
422 2376 848 2429 IOHANNES
869 2375 1283 2437 STYGGIUS,
1306 2379 1409 2441 qui
1422 2391 1583 2428 nunc
1603 2376 1939 2441 Hamburgi
1959 2376 2050 2436 est,
2074 2376 2375 2428 undecun-

172 2463 288 2512 que
313 2447 609 2500 rescivisset
633 2448 891 2509 tandem,
919 2447 1205 2512 quosdam
1231 2463 1305 2500 ex
1330 2447 1741 2499 Professoribus
1768 2448 1927 2512 apud
1952 2463 2060 2499 vos
2087 2447 2378 2499 famosum

171 2519 316 2571 istud
336 2519 408 2571 de
428 2535 525 2571 me
544 2519 819 2584 scriptum
838 2521 1038 2585 magni
1061 2519 1270 2579 facere,
1299 2519 1578 2584 quodque
1601 2518 2152 2571 OLBURGENSIS
2178 2519 2238 2571 id
2263 2518 2377 2570 illis

77 2606 124 2641 30
171 2593 514 2654 procurarit,
535 2597 714 2643 tantae
734 2593 1059 2655 iniquitatis
1079 2593 1411 2655 impatienS,
1433 2590 1718 2655 quasdam
1734 2590 1810 2642 ad
1828 2590 2017 2655 ipsum
2030 2590 2239 2642 direxit
2255 2590 2376 2641 lite-

171 2677 283 2722 raS‚
310 2664 393 2714 ita
412 2661 674 2714 consulto
693 2661 946 2727 scriptas,
974 2662 1136 2726 quafi
1155 2661 1270 2714 hoc
1290 2661 1508 2715 factum
1529 2661 1858 2726 approbare
1880 2668 1935 2713 et
1954 2662 2199 2713 laudare
2219 2662 2376 2713 vide-

94 2737 123 2780 ἢ·
171 2739 352 2784 retur:
368 2733 875 2797 quemadmodum
889 2733 1104 2785 author
1117 2733 1265 2794 libri,
1282 2748 1461 2797 quem
1471 2732 1794 2785 Beinkorf
1795 2739 2024 2793 vocant,
2040 2731 2377 2784 Pontificios

172 2807 534 2856 contrarium
558 2804 860 2856 sentiendo
887 2805 1279 2857 commendat.
1308 2805 1489 2856 Mittit
1510 2803 1613 2856 tibi
1636 2804 1997 2856 MULAEUS
2019 2804 2374 2868 exemplum,

172 2875 334 2939 quod
349 2875 452 2940 ipfi
470 2875 867 2928 STYGGIUS
887 2876 1138 2936 tradidit,
1159 2876 1263 2928 tibi
1282 2875 1756 2940 impertiendum.
1778 2875 2022 2927 Habeas
2037 2881 2237 2926 tamen
2252 2890 2375 2926 om-

77 2963 124 2998 35
173 2948 275 2998 nia
293 2945 525 2998 secreta.
548 2947 675 2998 Nec
695 2946 802 2998 nifi
821 2963 957 2999 cum
973 2947 1325 3000 OLIGERO
1340 2947 1533 2998 nostro
1548 2953 1650 2999 aut
1665 2950 1843 2998 etiam
1857 2946 2051 2997 sorore
2071 2946 2377 3009 quidpiam

171 3017 284 3069 hac
300 3017 372 3069 de
385 3032 449 3068 re
463 3021 880 3070 communices.
900 3019 971 3070 Et
982 3021 1154 3070 tacite
1167 3021 1403 3070 interim
1418 3020 1636 3082 inquiri
1649 3032 1944 3082 procureS,
1962 3017 2264 3081 quomodo
2278 3017 2375 3068 hae

171 3088 357 3140 literae
382 3086 622 3141 factioni
648 3091 743 3140 cui
767 3089 1319 3142 OLBURGENSIS
1346 3088 1626 3148 adhaeret,
1653 3088 1996 3153 placuerint.
2025 3088 2203 3152 Rog0‚
2230 3087 2376 3139 velis

171 3159 331 3211 hunc
352 3159 775 3211 amanuensem
793 3175 996 3212 meum
1018 3160 1447 3213 Germanicum
1469 3175 1820 3225 promovere
1846 3162 1909 3211 in
1935 3161 2023 3224 ijs,
2051 3174 2187 3223 quae
2214 3158 2375 3210 isthic

171 3246 308 3282 meo
334 3233 578 3282 nomine
605 3231 972 3295 expedienda
996 3231 1190 3292 habet,
1221 3239 1398 3296 atque
1427 3246 1650 3296 urgere,
1678 3238 1742 3282 ut
1768 3245 1950 3295 quam
1977 3231 2228 3282 citissime
2257 3230 2374 3281 huc

78 3318 124 3353 4ο
173 3308 518 3353 revertatur:
540 3302 717 3366 idque
738 3305 892 3354 intra
906 3303 963 3353 14
977 3303 1117 3363 dieS,
1134 3302 1176 3354 fi
1191 3303 1316 3354 ullo
1333 3303 1514 3354 modo
1533 3302 1662 3353 fieri
1679 3303 1853 3366 possit,
1875 3317 1944 3353 ac
1964 3303 2224 3353 remittas
2239 3316 2375 3353 cum

174 3373 384 3424 eodem
403 3372 695 3424 famosum
713 3373 859 3425 istud
878 3373 1167 3438 scriptum.
1198 3375 1410 3438 Neque
1431 3376 1592 3425 enim
1613 3389 1684 3424 eo
1706 3388 1904 3424 carere
1924 3373 2123 3437 possim
2144 3373 2375 3493 oblmea

319 3454 383 3489 13*
2186 3458 2216 3494 e
2243 3458 2375 3507 ogia
