2678 4022
293 292 385 343 108
825 286 1262 339 EPISTOLAE
1289 287 1958 341 ASTRONOMICAE

292 433 400 484 bus
420 434 673 483 nimium
692 430 795 482 tibi
814 429 1029 481 faciam
1049 444 1208 480 nunc
1228 431 1462 494 negotij,
1483 429 1641 481 lusus
1661 428 2051 481 nihilominus
2071 429 2305 494 insuper
2325 429 2490 494 quos-

294 504 431 555 dam
456 504 713 566 poeticos
741 516 771 551 e
798 500 998 552 multis
1025 515 1174 564 quos
1200 499 1411 559 habeo,
1439 503 1501 552 in
1526 502 1646 552 mei
1670 503 1933 565 gratiam,
1962 500 2268 565 postquam
2292 500 2492 552 Dania

294 575 506 634 excessi,
528 571 816 623 hincinde
832 587 869 623 a
883 570 1117 623 diverfis
1132 574 1531 632 concinnatOS,
1553 571 1818 636 mihique
1833 573 2022 623 missos
2037 573 2159 623 una
2172 573 2490 636 impertior,

292 661 415 696 non
444 644 604 708 quod
633 649 736 694 tua
764 642 1028 694 Heroica
1056 658 1211 694 vena
1240 643 1381 706 quid
1410 643 1654 707 dignum
1685 642 2006 702 redoleant,
2039 642 2135 694 sed
2166 648 2397 694 tantum
2428 648 2492 694 ut

291 715 508 775 videaS,
531 714 661 779 alijs
683 729 920 777 quoque
940 728 1139 765 meam
1155 714 1293 765 inde
1311 716 1756 778 emigrationem
1772 714 1932 765 cordi
1947 715 2066 766 esse.
2089 713 2278 778 Selegi
2292 720 2493 765 autem
2542 731 2563 765 ⁵

292 787 639 851 potissimum
653 784 800 844 haec,
819 787 881 836 in
899 784 1113 849 quibus
1128 785 1385 836 discessus
1399 785 1574 836 nostri
1589 784 1778 836 causae
1793 792 2092 848 utcunque
2107 784 2491 836 insinuantur.

293 858 352 909 Si
378 856 863 921 praestantissimus
886 855 984 907 ille
1008 855 1286 908 DOUSA
1312 859 1526 916 iunior,
1555 871 1733 919 quem
1759 855 1880 907 fata
1906 856 2077 907 nobis
2105 855 2278 919 (proh
2301 854 2492 918 dolor)

292 928 442 980 adeo
472 942 845 992 praepropere
871 927 1290 991 surripuerunt,
1321 927 1516 979 adhuc
1546 930 1607 979 in
1633 929 1782 978 vivis
1809 928 1951 986 esset,
1983 926 2207 991 aliquid
2234 926 2494 978 cultioris

291 1001 507 1064 ingenij
542 998 930 1063 proculdubio
961 998 1031 1050 de
1064 997 1156 1050 his
1187 998 1501 1050 meditatus
1532 997 1727 1057 fuisset,
1762 1000 1847 1049 uti
1876 993 1897 1065 ΙΙ
1928 1004 1982 1049 et
2011 1005 2187 1049 antea
2218 997 2618 1050 Cometo-140r

291 1070 571 1135 graphica
589 1069 782 1121 nostra
800 1069 1088 1121 melliflua
1108 1069 1224 1121 oda
1244 1071 1491 1121 ornavit.
2507 1085 2535 1127 ψ
2548 1085 2590 1120 ιο

364 1141 578 1193 Retulit
602 1140 750 1192 mihi
776 1140 893 1192 huc
913 1140 1176 1192 reversus
1196 1140 1783 1192 TENGNAGLIUS
1803 1140 1992 1191 noster
2010 1148 2066 1191 te
2087 1139 2412 1191 admodum
2431 1142 2495 1191 in

291 1215 441 1264 votis
466 1212 702 1271 habere,
730 1218 794 1264 ut
820 1212 895 1264 ad
915 1227 1022 1263 vos
1041 1214 1104 1263 in
1124 1212 1435 1263 Bataviam
1460 1211 1880 1276 transmigrem,
1908 1212 2068 1275 quod
2093 1218 2196 1262 tuo
2224 1226 2361 1276 erga
2384 1225 2495 1262 nos

292 1286 483 1335 amori
502 1290 803 1347 acceptum
827 1283 969 1343 fer0,
992 1282 1498 1347 quemadmodum
1519 1285 1697 1334 etiam
1716 1282 1969 1333 illustriss.
1989 1284 2267 1346 principis
2282 1281 2494 1334 MAU-

293 1354 471 1417 RITIJ
494 1362 549 1407 et
569 1354 864 1407 Ordinum
894 1354 1176 1406 desideria
1204 1361 1259 1406 et
1288 1370 1425 1419 erga
1453 1369 1549 1406 me
1578 1353 1845 1405 favorem
1874 1369 1999 1404 non
2028 1353 2266 1405 obscure
2294 1352 2406 1404 hac
2432 1355 2496 1404 in

292 1433 456 1491 parte
483 1426 760 1486 intellexi,
787 1432 851 1477 ut
876 1426 947 1478 de
968 1425 1311 1490 Anglicanis
1332 1425 1482 1476 nihil
1502 1425 1733 1476 addam.
1765 1425 1834 1476 Et
1852 1424 1989 1476 sane
2010 1440 2134 1475 non
2154 1423 2496 1476 abhorreret
2548 1441 2590 1476 15

293 1500 529 1549 animus
549 1497 623 1549 ab
645 1512 717 1549 ea
736 1497 850 1548 loci
870 1499 1214 1557 mutatione,
1237 1511 1372 1548 cum
1390 1496 1615 1559 semper
1628 1495 1777 1546 mihi
1790 1495 1923 1559 plus
1938 1495 2231 1547 arriserint
2245 1495 2495 1547 Batavo-

293 1585 426 1620 rum
439 1568 669 1620 solertia
682 1570 920 1633 ingenia
931 1583 1114 1632 quam
1126 1567 1587 1620 Germanorum.
1600 1567 1824 1618 Verum
1837 1573 1892 1618 te
1908 1566 2098 1618 celare
2117 1582 2241 1618 non
2257 1567 2494 1631 possum,

292 1642 517 1691 interea
537 1639 679 1691 dum
705 1638 802 1690 hic
829 1642 892 1690 in
917 1638 1134 1691 finibus
1157 1638 1502 1691 Germaniae
1524 1644 1578 1689 et
1598 1638 1816 1690 Daniae
1837 1637 1990 1689 ultra
2010 1638 2258 1689 Annum
2278 1653 2495 1698 moror,

293 1727 412 1775 quo
443 1710 808 1763 Nostratibus
840 1725 966 1762 rem
998 1707 1209 1761 rectius
1239 1709 1576 1774 dispiciendi
1605 1709 1738 1760 satis
1771 1710 2170 1773 relinquerem
2198 1711 2495 1773 temporis,

292 1783 519 1842 Patriae,
535 1784 630 1833 cui
643 1781 898 1833 multum
912 1781 1210 1841 debemuS,
1226 1779 1421 1832 adhuc
1435 1780 1683 1840 liudem,
1697 1780 1891 1832 Sacrae
1904 1779 2193 1832 Caesareae
2206 1779 2497 1832 Maiestati
2545 1796 2592 1832 20

292 1853 576 1905 relatione
604 1852 982 1916 quorundam
1003 1868 1034 1904 e
1055 1854 1368 1916 praecipuis
1388 1854 1451 1903 in
1471 1851 1647 1912 Aula,
1674 1866 1770 1903 me
1797 1850 1894 1903 hic
1920 1851 2147 1903 haerere
2174 1852 2494 1903 innotuisse.

293 1924 494 1987 Quare
524 1923 699 1987 ipfius
726 1923 1003 1975 Maiestas
1028 1938 1133 1988 per
1158 1922 1590 1988 Amplissimum
1616 1922 1949 1974 Dominum
1976 1922 2495 1975 RUDOLPHUM

294 1994 899 2047 CORRADUCIUM
911 1995 1144 2060 Imperij
1159 1994 1712 2054 Procancellarium,
1725 1994 2173 2046 intermediante
2186 1995 2364 2046 etiam
2374 1993 2496 2046 Do-

291 2069 456 2118 mino
478 2064 733 2119 Doc‘tore
753 2065 1187 2118 THADDAEO
1210 2065 1647 2118 HAGGECIO
1668 2067 1851 2117 veteri
1867 2066 2147 2117 Amicitia
2165 2064 2314 2117 mihi
2334 2067 2496 2117 iunc-

291 2139 511 2198 tissimo,
524 2138 772 2203 Pragam
785 2152 882 2189 me
897 2139 1133 2189 evocari
1146 2137 1467 2197 mandavit,
1482 2136 1641 2201 spem
1656 2152 1779 2188 non
1794 2137 2036 2189 dubiam
2049 2135 2397 2188 facientibus
2407 2138 2495 2201 ijs,
2546 2154 2592 2189 25

293 2209 629 2261 Caesaream
652 2208 1036 2269 Maiestatem,
1064 2208 1104 2260 fi
1130 2209 1425 2268 accesserO,
1453 2223 1548 2260 me
1575 2223 1828 2272 meaque
1853 2207 2038 2260 studia
2064 2207 2497 2260 clementissimo

291 2280 494 2332 favore
514 2279 953 2344 prosecuturam
969 2286 1023 2331 et
1036 2286 1461 2344 promoturam.
1484 2279 1623 2342 Qua
1637 2279 1708 2331 de
1723 2295 1785 2331 re
1801 2282 1922 2331 iam
1936 2279 2162 2343 aliquot
2178 2278 2291 2331 hac
2305 2278 2497 2331 aestate

291 2351 428 2403 inde
443 2350 652 2403 fimilia
665 2350 1026 2403 insinuantes
1040 2353 1239 2414 accepi
1252 2350 1465 2403 literaS.
1489 2350 1947 2402 Commendavit
1960 2350 2195 2415 insuper
2211 2350 2496 2402 Serenissi-

292 2438 425 2474 mus
454 2421 821 2474 Colonienfis
851 2420 1095 2482 Elector,
1127 2424 1222 2473 cui
1249 2421 1448 2474 Caesar
1476 2421 1729 2473 multum
1760 2421 1973 2482 tribuit,
2003 2421 2089 2472 illi
2117 2437 2214 2473 me
2242 2436 2496 2485 meaque

294 2496 498 2545 omnia
517 2493 589 2544 de
609 2493 841 2544 meliori
866 2493 953 2557 (ut
973 2492 1162 2556 aiunt)
1189 2494 1348 2553 nota,
1377 2492 1658 2557 exquisito
1681 2508 1817 2556 erga
1835 2508 1931 2544 me
1952 2492 2155 2544 favore
2175 2491 2400 2544 refertis
2419 2491 2496 2544 ad
2545 2509 2592 2544 3ο

294 2564 468 2629 ipsius
498 2564 835 2616 Caesaream
864 2564 1233 2616 Maiestatem
1264 2566 1504 2628 propria
1531 2579 1719 2615 manu
1750 2563 1863 2615 hoc
1896 2566 2140 2615 nomine
2172 2563 2496 2627 perscriptis

292 2635 495 2695 literis;
516 2642 643 2687 tum
665 2650 903 2699 quoque
924 2635 1056 2700 alijs
1077 2635 1153 2687 ad
1173 2634 1566 2699 Magnificum
1586 2634 1917 2686 Dominum
1938 2634 2389 2687 BARVITIUM
2409 2636 2495 2685 in-

292 2709 503 2758 timum
519 2706 769 2759 Caesaris
785 2706 1202 2758 Confiliarium
1217 2712 1271 2757 et
1286 2706 1677 2758 Secretarium
1691 2705 2045 2770 supremum.
2067 2705 2244 2757 Dedit
2258 2720 2496 2769 quoque

292 2778 450 2830 idem
478 2777 846 2830 Colonienfis
874 2784 996 2829 tam
1026 2777 1102 2829 ad
1132 2777 1463 2829 Dominum
1490 2776 1958 2829 HEINRICUM
1987 2776 2495 2835 RANZOVIUM‚

292 2848 556 2901 Affinem
577 2855 631 2900 et
651 2848 939 2913 hospitem
957 2864 1162 2900 meum
1182 2848 1589 2907 charissimum,
1617 2863 1799 2912 quam
1819 2863 1914 2899 me
1934 2848 2262 2912 peculiares
2281 2847 2494 2906 literas,
2545 2864 2592 2899 3⁵

294 2920 507 2984 quibus
526 2918 950 2984 profectionem
970 2919 1125 2972 hanc
1145 2935 1269 2972 non
1289 2919 1693 2984 infrugiferam
1709 2918 1971 2971 futuram
1990 2918 2311 2984 persuadet.
2333 2918 2497 2981 Quin

295 2998 364 3051 et,
386 2991 426 3042 fi
446 2997 658 3055 praeter
673 3006 914 3043 omnem
928 2991 1093 3043 suam
1109 2989 1713 3055 expediationemnon
1726 2990 2052 3051 successerit‚
2071 2996 2135 3042 ut
2150 2989 2349 3042 Caesar
2361 3005 2498 3042 mea

293 3062 477 3114 studia
499 3062 749 3128 benigne
771 3069 826 3114 et
844 3062 1161 3114 liberaliter
1179 3062 1379 3114 fovere
1399 3061 1828 3125 sustentareque
1848 3061 2004 3122 velit,
2031 3061 2086 3112 se
2113 3061 2362 3125 idipsum
2381 3060 2496 3112 suis

293 3133 574 3184 sumtibus
588 3134 751 3186 haud
765 3136 945 3185 invite
958 3131 1302 3186 effedmrum
1313 3133 1513 3197 sponte
1529 3133 1821 3196 pollicitus
1837 3132 1926 3184 est.
1941 3133 2142 3196 Quare
2157 3132 2287 3184 haec
2299 3131 2498 3184 media

294 3206 375 3255 ita
402 3205 710 3256 commode
738 3204 951 3263 oblata,
978 3204 1295 3269 praesertim
1322 3204 1482 3268 apud
1502 3204 1924 3268 Imperatorem
1943 3204 2239 3256 summum
2259 3203 2492 3267 Imperij
2545 3219 2592 3254 4ο

296 3275 491 3339 Caput
513 3275 671 3339 (cum
692 3283 747 3327 et
766 3275 1205 3327 Astronomiam
1224 3274 1626 3327 universaliter
1647 3275 1989 3327 constituere
2011 3281 2066 3326 et
2084 3274 2332 3326 stabilire
2352 3273 2495 3325 sata-

294 3345 451 3410 gam)
480 3347 844 3409 experiunda
866 3353 1002 3399 ante
1026 3349 1231 3398 omnia
1251 3346 1473 3397 cense0.
1503 3345 1788 3398 Constitui
1813 3348 2012 3410 itaque
2038 3348 2230 3409 primo
2257 3359 2496 3409 quoque

2231 3423 2495 3481 tempore
