2652 4022
79 1119 121 1154 10

81 1477 122 1511 15

78 2190 124 2224 25

81 2902 127 2937 35

293 316 598 370 TYCHO
625 314 747 369 AD
774 314 952 369 IOH.
976 312 1050 368 G.
1079 313 1652 369 HERWARTUM
1679 310 1813 382 6l16
1839 315 2033 369 NOV.
2062 315 2207 369 1599
2282 313 2372 367 193

168 460 703 526 tergiversationem
723 459 1000 519 indicare,
1026 458 1185 510 misso
1206 458 1323 510 huc
1342 461 1582 524 proprio
1603 458 1929 520 tabellari0,
1952 473 2131 523 quem
2150 473 2292 510 mox
2312 461 2375 509 in

170 532 374 584 aulam
395 531 813 584 Caesareanam
839 545 975 582 cum
1000 528 1182 581 literis
1209 529 1533 595 Magnifico
1555 530 1819 582 Domino
1841 529 2215 582 BARVITIO
2243 529 2375 581 1180

169 602 622 668 significantibus
649 601 985 654 amandavi.
1014 600 1069 652 Is
1093 615 1235 652 vero
1263 600 1411 653 alias
1439 617 1476 653 a
1503 601 1775 654 Caesarea
1801 601 2105 654 Maiestate
2130 601 2372 666 Magde-

168 673 547 739 burgenfibus
561 673 759 725 denuo
773 673 1008 736 scriptas
1023 671 1177 724 hisce
1191 672 1397 724 diebus
1417 671 1565 724 mihi
1586 673 1795 733 retulit,
1818 673 2031 738 quibus
2051 671 2372 738 significan-

169 747 285 797 tius
306 752 361 797 et
380 747 567 810 magis
586 744 734 796 serio
754 746 826 809 ijs
846 743 1179 804 mandatur,
1201 752 1264 795 ut
1278 742 1393 794 suis
1408 743 1731 808 sumptibus
1746 747 1809 795 in
1822 747 2070 809 gratiam
2086 743 2374 797 Caesareae

170 814 332 868 Matis
353 815 508 869 hanc
529 831 774 880 operam
793 814 1077 880 praestent,
1100 830 1236 879 quae
1256 814 1441 866 literae
1455 816 1527 880 ijs
1542 831 1701 866 nunc
1716 816 2116 880 adportantur.
2138 817 2217 867 At
2232 830 2374 880 quo-

169 890 333 940 niam
347 887 515 939 Albis
535 887 861 940 admodum
881 885 1137 945 declivis,
1159 888 1281 937 imo
1303 885 1651 950 quibusdam
1671 889 1733 938 in
1753 886 1897 938 locis
1916 886 2166 939 vadosus
2188 886 2277 946 est,
2300 885 2375 938 ob

169 958 511 1011 diuturnam
535 974 671 1024 quae
695 958 980 1011 antecessit
1003 957 1328 1017 siccitatem,
1355 959 1580 1023 ignom,
1612 973 1795 1022 quam
1821 960 1934 1010 cito
1961 958 2019 1010 id
2045 957 2173 1010 fieri
2198 958 2373 1023 possit‚

168 1030 303 1083 ideo
323 1030 757 1095 responsionem
777 1029 852 1082 ad
872 1036 1038 1081 tuam
1059 1028 1360 1093 epistolam
1380 1044 1504 1081 non
1524 1028 1743 1080 diutius
1762 1029 2224 1093 protrahendam
2245 1045 2375 1081 cen-

168 1101 281 1161 seo,
311 1101 630 1167 praesertim
659 1116 795 1153 cum
821 1107 957 1153 ante
985 1100 1235 1152 biduum
1261 1116 1298 1152 a
1322 1098 1601 1165 praedicto
1628 1099 1875 1165 Magnis.
1904 1100 2168 1152 Domino
2196 1100 2374 1152 BAR-

169 1172 403 1233 VITIO,
434 1175 739 1226 communi
764 1171 957 1224 nostro
985 1174 1195 1231 amico,
1226 1174 1392 1223 omni
1421 1171 1649 1223 honore
1681 1171 2017 1237 dignissim0‚
2047 1187 2152 1236 per
2180 1172 2378 1224 literas

170 1244 242 1297 de
268 1244 642 1309 rescriptione
669 1243 1026 1296 maturanda
1047 1251 1284 1308 rogatus
1304 1242 1423 1295 fim.
1445 1242 1641 1295 Taceo
1662 1259 1822 1295 nunc
1843 1243 2002 1307 quod
2025 1250 2079 1295 et
2099 1243 2218 1295 alia
2237 1245 2376 1294 inci-

170 1315 360 1368 derint
386 1332 510 1368 non
535 1331 744 1381 pauca,
773 1330 909 1380 quae
935 1321 1148 1380 praeter
1167 1314 1537 1367 voluntatem
1562 1316 1625 1366 in
1651 1314 2058 1379 respondendo
2084 1329 2180 1366 me
2203 1314 2376 1366 tardi-

171 1402 337 1439 orem
362 1388 756 1440 reddiderunt.
783 1387 1185 1451 Praeterquam
1206 1389 1366 1438 enim
1387 1386 1547 1451 quod
1571 1386 1841 1450 plurimis
1863 1388 2016 1437 curis
2036 1392 2158 1437 tam
2180 1386 2377 1437 dome-

171 1458 334 1519 sticiS‚
359 1474 541 1524 quam
561 1462 624 1511 in
643 1456 935 1511 structuris
955 1473 1063 1522 pro
1083 1473 1243 1510 novo
1265 1457 1678 1510 Observatorio
1700 1464 1877 1522 atque
1899 1457 2284 1509 Laboratorio
2307 1472 2379 1508 ex

172 1529 463 1583 Caesareae
483 1528 646 1582 Matis
667 1530 1100 1582 clementissimo
1123 1530 1408 1594 permissu,
1436 1529 1799 1581 adornandis
1821 1535 1876 1581 et
1895 1528 2170 1594 urgendis
2190 1528 2379 1580 indies

172 1601 485 1662 distinerer,
507 1602 725 1654 accessit
746 1607 800 1652 et
819 1600 950 1661 hoc,
973 1601 1133 1666 quod
1154 1603 1425 1667 contagia
1438 1600 1553 1652 luis
1568 1601 1911 1665 epidemicae
1926 1603 2046 1652 arci
2061 1599 2379 1652 Benachiae

171 1675 714 1738 appropinquantia
743 1672 1116 1738 Gynaeceum
1144 1687 1349 1724 meum
1379 1671 1536 1736 (cum
1567 1672 1737 1724 sexus
1769 1672 1867 1724 ille
1897 1671 2045 1724 alias
2075 1678 2289 1723 natura
2318 1670 2380 1722 fit

170 1743 619 1808 timidiusculus)
647 1747 729 1796 ita
747 1746 1060 1796 terruerint
1079 1749 1142 1795 ut
1161 1743 1431 1808 precibus
1453 1746 1580 1795 eius
1600 1743 1950 1803 auscultanS‚
1977 1742 2095 1795 huc
2115 1745 2178 1794 in
2198 1742 2381 1795 aliam

172 1831 369 1868 arcem
397 1815 816 1868 Caesareanam
841 1815 1152 1867 Girfitzam
1178 1830 1362 1880 prope
1382 1815 1584 1867 Albim
1610 1815 1794 1867 tribus
1819 1814 2169 1867 milliaribus
2195 1814 2381 1878 Praga

172 1887 476 1940 distantem
490 1886 755 1940 secedere
771 1902 907 1939 cum
923 1893 1046 1938 tota
1065 1885 1293 1938 familia
1313 1886 1631 1938 consultius
1652 1887 1938 1946 duxerim,
1961 1901 2096 1950 quae
2117 1885 2379 1937 transmi-

171 1961 358 2024 gratio
386 1974 512 2011 non
539 1973 754 2024 parum
784 1960 883 2024 otij
916 1957 1065 2009 mihi
1094 1958 1170 2010 ad
1199 1957 1567 2010 scribendum
1594 1960 1915 2022 praeripuit.
1949 1957 2064 2008 His
2096 1959 2294 2021 itaque
2326 1963 2381 2007 et

172 2030 305 2096 alijs
325 2030 397 2082 de
418 2031 619 2083 caussis
641 2030 805 2094 (nolo
830 2032 991 2081 enim
1010 2044 1170 2081 nunc
1191 2028 1413 2094 fingula
1433 2028 1673 2092 referre)
1694 2044 1831 2081 cum
1850 2027 2068 2081 fafitum
2088 2027 2167 2088 fit,
2193 2034 2256 2079 ut
2275 2043 2379 2079 no-

172 2101 300 2153 lens
313 2101 521 2154 volens
535 2101 908 2166 rescriptione
923 2100 1225 2165 hucusque
1239 2100 1608 2164 supersedere
1629 2101 1844 2152 necesse
1865 2099 2193 2160 habuerim,
2214 2099 2380 2163 spero

172 2188 269 2225 me
290 2173 450 2237 apud
469 2179 525 2225 te
545 2188 653 2238 pro
675 2188 764 2234 eo,
793 2188 913 2237 quo
939 2172 1219 2236 praeditus
1247 2187 1325 2232 eS‚
1353 2174 1540 2223 animi
1566 2171 1839 2231 candore,
1867 2170 2303 2223 excusationem
2327 2176 2381 2221 et

172 2247 412 2297 veniam
429 2250 816 2309 reperturum,
839 2243 999 2308 quod
1013 2250 1132 2295 tuae
1148 2241 1538 2308 expediationi
1550 2259 1675 2295 non
1688 2246 1852 2308 prius
1865 2258 2094 2294 morem
2108 2242 2379 2307 gesserim‚

172 2316 426 2381 ideoque
446 2315 576 2368 haec
596 2318 959 2381 purgationis
979 2314 1128 2375 1000,
1151 2330 1223 2366 00
1243 2314 1419 2366 latius
1439 2314 1677 2379 praefari
1695 2314 1876 2366 volui.

245 2387 423 2439 Nunc
450 2387 526 2439 ad
551 2387 771 2439 litteras
797 2393 946 2447 tuaS‚
978 2392 1033 2438 et
1062 2401 1198 2451 quae
1227 2385 1397 2437 fimul
1425 2387 1583 2438 missa
1611 2385 1757 2445 sunt,
1786 2387 1981 2445 veni0,
2013 2384 2226 2449 quibus
2251 2383 2381 2435 haec

172 2473 280 2523 pro
306 2461 587 2523 temporis
614 2458 916 2511 occafione
942 2457 1349 2522 respondenda
1374 2458 1656 2509 incidunt.
1686 2456 1840 2521 Quae
1861 2457 1934 2509 ab
1955 2459 2122 2508 initio
2150 2457 2381 2520 attingis

174 2530 246 2582 de
267 2529 463 2582 Sacrae
485 2529 630 2583 Caes.
653 2527 816 2582 Matis
837 2529 1271 2581 clementissimo
1299 2544 1436 2594 erga
1461 2544 1558 2580 me
1582 2528 1785 2581 favore
1807 2535 1862 2580 et
1881 2527 2200 2579 studiorum
2222 2542 2380 2578 meo-

174 2616 308 2653 rum
335 2600 734 2666 benignissima
761 2603 1151 2665 promotione,
1181 2602 1263 2652 ita
1291 2599 1573 2661 futurum,
1604 2603 1875 2652 animum
1900 2599 2002 2651 tibi
2027 2598 2380 2663 praesagijsse,

173 2671 465 2724 veridicus
478 2673 537 2724 id
553 2673 828 2737 equidem
842 2674 1049 2738 genius
1063 2672 1166 2724 tibi
1178 2671 1445 2737 suggessit.
1469 2672 1630 2724 Nam
1644 2671 1819 2735 ipfius
1835 2671 2028 2722 Matem
2043 2686 2167 2721 non
2180 2669 2381 2721 saltem

176 2743 516 2796 Caesareum
542 2743 638 2796 sed
666 2750 721 2795 et
746 2749 1061 2808 paternum
1088 2743 1291 2807 (modo
1312 2743 1385 2795 fic
1405 2743 1571 2807 loqui
1591 2741 1784 2806 liceat)
1807 2757 1943 2807 erga
1963 2757 2058 2793 me
2079 2756 2277 2806 gerere
2298 2740 2380 2791 af-

175 2812 406 2875 fectum,
427 2815 522 2867 vel
543 2815 679 2867 inde
699 2814 898 2879 liquet,
927 2815 1086 2879 quod
1112 2830 1303 2879 nuper
1321 2814 1410 2866 bis
1430 2829 1535 2878 per
1554 2815 2055 2878 praenominatum
2076 2812 2235 2876 Mag.
2259 2811 2379 2862 Do-

176 2888 409 2937 minum
423 2885 875 2938 BARVITIUM
896 2886 972 2938 ad
991 2888 1255 2937 vicinum
1275 2885 1424 2937 mihi
1439 2885 1771 2937 Dominum
1788 2885 2184 2949 Capitaneum
2199 2883 2380 2933 Bran-

176 2956 509 3022 deisensem,
531 2957 603 3009 de
623 2972 719 3008 me
740 2957 1169 3008 clementissime
1189 2956 1461 3021 perscribi
1480 2956 1801 3016 mandavit,
1823 2971 1947 3006 non
1965 2954 2165 3006 saltem
2184 2953 2381 3017 quoad

178 3043 264 3088 ea,
296 3043 432 3092 quae
461 3027 740 3079 salarium
768 3027 917 3079 mihi
945 3027 1338 3093 benignissime
1368 3028 1730 3092 deputatum,
1761 3026 1862 3078 ubi
1889 3033 1943 3077 et
1970 3025 2210 3090 quando
2238 3024 2380 3076 obti-

177 3099 442 3151 nendum
463 3105 841 3159 concernunt,
863 3099 958 3151 sed
976 3105 1031 3150 et
1048 3099 1282 3164 insuper
1302 3098 1625 3164 significari,
1647 3098 1822 3162 ipfius
1839 3096 2174 3149 Caesaream
2188 3095 2381 3147 Matem

177 3172 416 3235 proprio
436 3176 603 3221 motu
623 3170 695 3221 de
715 3185 811 3221 me
833 3170 1262 3222 clementissime
1282 3170 1586 3222 sollicitam
1607 3170 1726 3229 esse,
1750 3169 1823 3220 ob
1844 3168 2107 3232 pericula
2121 3167 2234 3218 luis
2250 3166 2380 3230 Epi-

179 3241 441 3301 demicae‚
452 3256 587 3305 quae
601 3240 919 3292 Benachiae
930 3240 1326 3301 invaluerunt,
1339 3242 1592 3305 ideoque
1605 3239 2032 3291 clementissime
2045 3238 2380 3296 concedere,

114 3330 136 3347 v
179 3319 242 3364 ut
263 3311 382 3364 alio
402 3327 498 3363 me
519 3314 857 3376 reciperem,
879 3307 900 3380 ΙΙ
921 3319 1022 3363 aut
1043 3314 1221 3364 etiam
1240 3312 1537 3364 Viennam
1564 3311 1762 3375 usque,
1790 3310 1830 3361 fi
1854 3310 1927 3361 fic
1953 3309 2223 3368 lubuerit‚
2250 3324 2382 3372 pro-

177 3382 476 3444 ficiscerer,
506 3383 607 3435 ubi
637 3383 709 3435 de
739 3382 1102 3435 habitatione
1130 3383 1447 3435 commoda
1474 3390 1528 3434 et
1554 3382 1876 3446 necessarijs
1905 3380 2081 3445 ipfius
2107 3379 2382 3499 Maiel'tsstlsi

322 3465 367 3499 25
2236 3465 2316 3500 mi
