2652 4022
294 282 398 334 336
827 282 1264 335 EPISTOLAE
1291 285 1962 340 ASTRONOMICAE

295 421 343 466 [E
366 421 508 457 codice
530 421 762 457 Basileensi
784 422 821 457 G
842 423 856 456 1
878 422 940 466 23]
2542 433 2570 476 ,χ-

474 509 1213 585 NOBILISSIMO
1261 513 1740 588 DOMINO
1781 515 2307 589 TYCHONI
2525 543 2612 586 ῶν

334 612 621 671 BRAHE,
650 612 987 666 DOMINO
1016 614 1123 666 DE
1149 616 1651 678 KNUDSTRUP,
1680 618 2282 672 MATHEMATICO
2311 621 2451 673 No-

490 695 685 747 STRO
715 695 1053 749 SAECULO
1080 698 1795 762 PRAESTANTISSIMO,
1824 702 2161 754 DOMINO
2189 703 2298 755 AC

770 779 1113 833 FAUTORI
1140 781 1297 834 SUO
1326 783 1577 836 UNICE
1605 785 2013 837 COLENDO.
2543 805 2564 839 ⁵

934 861 1250 905 SALUTEM
1279 863 1350 906 IN
1377 864 1658 907 CHRISTO
1687 865 1852 908 IESU.
2525 868 2607 912 63r

480 962 604 991 f
627 984 645 1019 Ὗ
754 947 2492 1017 OBILISSIMEDomineTYCHO,remunerationemquin-

382 1024 432 1085 J
620 1071 642 1091 f
678 1051 691 1086 χ
757 1034 872 1082 que
890 1018 1098 1071 scilicet
1117 1020 1521 1082 IoachimicOS,
1537 1029 1773 1086 propter
1788 1023 2042 1074 diarium
2058 1022 2209 1074 Solis
2222 1030 2276 1075 et
2288 1023 2492 1084 Lunae,

310 1124 341 1148 x.
382 1090 423 1141 Q?
457 1093 517 1155 ξ,
670 1101 718 1150 Α,
755 1092 817 1141 in
848 1090 1069 1142 Martio
1099 1090 1278 1143 huius
1308 1095 1451 1144 anni
1482 1093 1610 1145 1600
1638 1094 1927 1146 nobilitati
1950 1100 2068 1145 tuae
2094 1094 2492 1155 transmissum,

327 1163 334 1172 ‘
383 1162 445 1217 ⁸„-
541 1183 553 1204 κ
594 1160 607 1169 ”
624 1162 646 1209 ⁵5
673 1174 716 1230 μὴ
756 1176 794 1212 a
849 1161 934 1213 M.
991 1161 1484 1216 CHRISTIANO
1542 1165 2219 1217 LONGIMONTANO
2277 1169 2491 1231 accepi.
2546 1184 2588 1219 ιο

438 1249 469 1282 .·
516 1230 623 1292 7
672 1230 721 1293 {2⁵2
757 1231 958 1295 Quare
979 1232 1044 1285 T.
1066 1234 1142 1285 N.
1165 1241 1227 1285 ut
1247 1250 1354 1298 par
1375 1234 1464 1294 est,
1486 1239 1700 1300 gratias
1722 1252 1833 1301 ago
1855 1243 1909 1288 et
1929 1235 2138 1288 habeo,

345 1295 353 1308 ⁸
434 1301 454 1319 ⁸
482 1310 538 1339 θ’
613 1336 617 1340 -
828 1303 1006 1367 Quod
1026 1307 1089 1356 in
1108 1304 1501 1369 superioribus
1522 1310 1669 1358 meis
1690 1307 1886 1366 literiS,
1907 1323 2054 1358 num
2072 1310 2134 1358 in
2152 1323 2287 1359 oras
2302 1308 2492 1360 Bohe-

288 1378 472 1426 micas
498 1390 594 1426 me
617 1375 832 1426 vellem
859 1376 1124 1427 conferre
1151 1392 1259 1427 nec
1286 1393 1377 1436 ne,
1405 1377 1555 1428 nihil
1581 1378 1846 1438 habetur,
1875 1378 2049 1429 causa
2074 1378 2182 1430 fuit
2208 1395 2332 1430 non
2357 1395 2494 1432 mea

288 1449 350 1497 in
370 1446 671 1498 scribendo
693 1446 1060 1511 negligentia,
1081 1447 1176 1499 vel
1197 1447 1433 1508 oblivi0‚
1454 1448 1549 1500 sed
1571 1449 1730 1512 quod
1752 1450 1806 1499 14
1829 1449 2050 1507 diebus,
2073 1456 2394 1514 antequam
2415 1451 2491 1502 N.

288 1517 353 1569 T.
375 1517 657 1569 sententia
677 1518 748 1569 de
769 1533 831 1569 re
851 1517 954 1570 illa
973 1517 1091 1569 huc
1112 1518 1291 1570 allata
1313 1520 1454 1578 esset,
1481 1519 1598 1571 istae
1625 1535 1777 1571 meae
1805 1519 1989 1571 literae
2013 1519 2250 1572 fuerunt
2268 1521 2491 1586 scriptae
2545 1540 2586 1574 15

290 1595 344 1640 et
374 1588 702 1653 obfignatae.
735 1589 992 1653 Ideoque
1023 1589 1108 1640 M.
1132 1589 1683 1641 MELCHIOREM
1712 1590 2149 1643 IOSTELIUM
2179 1595 2398 1657 rogavi,
2429 1599 2493 1645 ut

288 1667 406 1711 tuae
427 1660 732 1720 nobilitati,
754 1676 989 1711 mecum
1010 1663 1172 1724 prius
1193 1660 1657 1722 deliberandum,
1679 1661 1961 1713 scriberet.
1984 1662 2051 1713 In
2066 1662 2167 1713 tali
2182 1669 2380 1715 autem
2396 1663 2491 1716 de-

287 1731 632 1782 liberatione
653 1734 859 1795 reperi,
882 1730 1198 1782 consultius
1217 1730 1359 1791 fore,
1381 1732 1422 1783 fi
1442 1732 1796 1798 Witebergae
1816 1748 2172 1797 permanens
2191 1740 2310 1787 tuae
2332 1735 2406 1787 N.
2428 1738 2491 1787 in

287 1802 461 1853 rebus
494 1802 894 1854 astronomicis
929 1818 1036 1866 pro
1069 1805 1254 1854 animi
1286 1805 1404 1854 mei
1435 1806 1718 1856 tenuitate
1752 1804 2108 1864 inservirem,
2145 1805 2490 1871 singulisque

287 1872 492 1924 diebus
513 1873 739 1937 aliquot
759 1880 943 1925 certas
964 1873 1160 1934 horaS‚
1188 1881 1389 1938 utpote
1410 1880 1523 1926 tres
1544 1875 1639 1926 vel
1660 1882 1929 1940 quatuor,
1955 1879 2018 1927 in
2037 1876 2302 1928 laborem
2322 1877 2490 1929 istum
2539 1895 2585 1929 20

286 1945 705 2007 impenderem.
730 1943 878 1996 Tuae
905 1944 1197 1996 nobilitati
1223 1944 1262 1996 fi
1288 1944 1402 1997 hoc
1428 1961 1631 1997 meum
1657 1947 2017 2011 propofitum
2042 1948 2343 2011 placuerit,
2371 1964 2489 2000 cer-

285 2022 411 2067 tum
431 2015 780 2080 stipendium
802 2032 873 2067 ex
894 2031 1070 2080 aequo
1092 2024 1146 2067 et
1166 2016 1325 2068 bono
1345 2016 1492 2068 mihi
1515 2017 1922 2078 determinare,
1946 2024 1999 2069 et
2021 2019 2161 2082 quid
2183 2017 2488 2083 expectan-

286 2087 445 2146 dum,
473 2086 610 2138 data
637 2087 839 2151 aliqua
866 2087 1185 2147 occafione,
1216 2087 1378 2139 haud
1408 2092 1695 2153 gravatim
1723 2089 2044 2154 significare
2070 2093 2295 2154 poterit.
2323 2091 2487 2143 Vale.

286 2158 598 2210 Dabantur
617 2159 970 2224 Witebergae
991 2159 1024 2210 6
1044 2158 1287 2224 Augusti
1306 2162 1487 2211 veteri
1507 2159 1648 2226 stylo
1669 2161 1833 2212 Anni
1854 2161 1983 2212 1600
2004 2161 2229 2213 Christi.

1305 2254 1369 2306 T.
1393 2255 1467 2306 N.
2536 2274 2583 2308 25

1223 2325 1523 2377 humiliter
1544 2326 1742 2378 colens

1446 2397 1531 2449 M.
1561 2397 1911 2449 IOHANNES
1939 2398 2343 2458 OSWALDUS,

1600 2468 1898 2520 Zeillenfis
1918 2469 2194 2521 Francus,

2194 3415 2261 3479 [E
2283 3416 2479 3468 codice
