2678 4022
129 2393 174 2428 25

226 306 530 360 TYCHO
558 307 680 359 AD
708 307 1118 360 IACOBUM
1145 308 1696 361 BORDINGUM
1723 309 1798 361 29
1825 309 2089 361 MART.
2118 311 2263 363 1598
2360 311 2427 363 37

225 450 423 501 tissime
439 449 699 501 Domine
714 449 1135 502 BORDINGE
1150 465 1333 514 quam
1349 449 1659 502 felicissime
1673 452 1823 512 vale,
1841 467 2056 516 meque
2074 451 2240 504 solita
2255 452 2428 504 bene-

225 520 488 573 volentia
514 520 1044 584 (quemadmodum
1065 527 1120 572 et
1141 536 1248 585 ego
1269 524 1353 572 tui
1375 537 1639 573 amorem
1664 539 1788 575 non
1813 523 2110 587 deponam
2135 523 2427 587 unquam)

226 592 551 644 constanter
570 590 937 656 prosequere.
961 592 1194 656 Raptim
1207 592 1653 658 Wandesburgo
1673 594 1765 646 die
1783 595 1868 646 29.
1885 595 2086 660 Martij
2104 595 2268 646 Anni
2283 595 2426 647 1598.

226 790 300 836 [Ex
326 792 569 838 apographo
595 791 639 827 in
658 791 840 828 Archivo
867 791 997 837 Regni
1024 791 1193 828 Daniae:
1222 791 1528 837 Diplomatario
1556 793 1827 838 Langebekii;
1855 794 1902 830 cf.
1924 795 2127 840 Epistolae
2148 796 2203 830 ad
2221 795 2427 830 Ioannem

319 840 548 885 Keplerum
569 840 739 885 scriptae
760 839 822 875 ed.
845 839 1023 876 Hansch
1046 840 1172 883 (1718)
1193 851 1231 885 p.
1256 841 1321 875 114
1337 839 1442 886 sqq.]

159 961 180 979 v
260 927 746 1000 DOMINO
797 926 1296 1001 OLIGERO
1347 928 1822 1016 GEORGIJ
1871 929 1954 1002 F.
1992 929 2393 1002 ROSEN-

296 1030 704 1084 CRANTZIO
727 1031 982 1092 DANO,
1008 1031 1347 1084 DOMINO
1369 1032 1935 1085 HAEREDITARIO
1962 1033 2047 1084 IN
2073 1033 2354 1085 ROSEN-

437 1114 697 1174 HOLM,
726 1114 824 1165 ET
850 1114 1089 1166 INTER
1116 1115 1454 1168 NOBILES
1481 1115 1779 1176 DOCTO,
1807 1116 2214 1180 INTERQUE

520 1196 844 1250 DOCTOS
871 1197 1161 1259 NOBILI,
1190 1198 1528 1251 DOMINO
1557 1198 1656 1250 ET
1674 1199 1944 1252 AMICO
1973 1199 2130 1252 SUO

599 1280 686 1332 IN
711 1280 1217 1334 AEVITERNUM
1245 1281 1635 1334 COLENDO
1665 1282 1784 1334 ΕΙΣ
1810 1282 2052 1334 ΧΕΙΡΕ.

381 1360 663 1404 TICHONI
690 1361 908 1404 BRAHE
936 1361 1082 1405 NON
1096 1362 1768 1477 EMYIffigiffgIRlffNDAS
1796 1363 1874 1405 ET
1900 1363 2271 1406 LEGENDAs,

518 1649 545 1724 g
576 1643 604 1667 χ’
678 1661 1203 1723 SENKRANTZI,
1225 1665 1462 1714 animus
1476 1678 1645 1714 meus
1659 1663 1762 1714 tibi
1775 1662 1976 1714 multis
1990 1666 2240 1726 acceptis
2253 1662 2427 1714 bene-

564 1748 570 1780 ;
635 1739 653 1762 '
678 1732 826 1798 ficijs
852 1731 1155 1786 devinctus
1181 1749 1218 1785 a
1244 1733 1556 1798 multisque
1585 1732 1912 1799 perspectus
1942 1736 2115 1786 annis
2141 1740 2428 1798 tanquam

610 1806 641 1850 ὡ
679 1806 742 1855 111
761 1803 996 1868 speculo
1018 1810 1072 1855 et
1091 1804 1293 1856 tabula
1314 1806 1474 1869 apud
1493 1811 1548 1857 te
1568 1805 1735 1870 loqui
1754 1805 1949 1870 potest,
1970 1805 2173 1870 lingua
2187 1821 2311 1856 non
2325 1821 2426 1869 po-

679 1875 793 1927 test.
821 1874 972 1927 Tute
1003 1878 1164 1927 enim
1193 1876 1354 1935 nosti,
1386 1891 1568 1940 quam
1597 1876 1856 1941 impense
1886 1884 1941 1928 te
1971 1892 2185 1937 amem,
2217 1876 2426 1936 colam,

224 1951 548 2014 quantique
577 1947 809 2006 faciam,
840 1953 904 1998 ut
930 1949 1159 2011 quoties
1185 1947 1383 1998 literas
1409 1954 1541 1999 tuas
1566 1947 1758 2008 video,
1788 1947 2059 2013 frigidam
2084 1950 2254 1999 toties
2279 1947 2428 1999 mihi

222 2020 496 2079 suffundi,
530 2025 585 2070 et
617 2018 693 2070 ad
725 2017 957 2070 cursum
986 2021 1262 2070 amicitiae
1294 2018 1714 2083 protenfiorem
1743 2034 1839 2070 me
1868 2018 2122 2083 instigari
2151 2035 2187 2070 a
2215 2026 2270 2070 te
2299 2034 2426 2083 per-

222 2091 485 2144 suadear.
505 2090 683 2154 Quod
698 2105 835 2141 cum
848 2089 1171 2155 intelligere
1185 2096 1240 2141 te
1256 2105 1329 2141 ex
1342 2089 1523 2142 literis
1536 2093 1651 2142 tuis
1665 2090 2005 2155 intelligam,
2021 2106 2145 2141 non
2160 2090 2250 2150 est,
2267 2090 2427 2154 quod

222 2163 489 2228 pluribus
515 2162 618 2213 tibi
643 2160 824 2213 fidem
848 2160 1081 2213 faciam.
1109 2162 1189 2212 At
1210 2176 1353 2213 vero
1380 2164 1763 2225 quantumvis
1790 2161 1975 2212 dulcis
2002 2161 2151 2212 mihi
2176 2167 2426 2225 utraque

222 2241 327 2287 tua
351 2233 460 2285 fuit
486 2232 755 2297 Epistola,
785 2234 1111 2284 amariores
1136 2238 1338 2284 tamen
1363 2232 1671 2297 aliquanto
1698 2232 1953 2292 fuerunt,
1984 2232 2144 2296 quod
2169 2232 2339 2283 fimul
2364 2234 2427 2283 in

223 2305 338 2357 illis
373 2305 445 2357 de
479 2304 675 2369 plagio
712 2303 1061 2355 Liddeliano
1096 2306 1160 2355 in
1195 2303 1472 2356 illustrem
1506 2303 1928 2356 Astronomum
1959 2303 2426 2356 TYCHONEM

224 2376 514 2436 BRAHE,
543 2374 1043 2440 consangvineum
1070 2381 1124 2427 et
1151 2374 1395 2427 affinem
1422 2381 1608 2436 tuum,
1636 2378 1832 2427 virum
1856 2375 2166 2439 multiplici
2191 2374 2427 2426 scientia

223 2447 658 2506 admirandum,
688 2446 989 2498 narrabas.
1022 2445 1200 2509 Quod
1228 2449 1416 2512 magis
1442 2449 1715 2499 animum
1741 2445 2109 2510 percellebat,
2141 2448 2282 2510 quia
2309 2445 2426 2510 ipse

223 2519 523 2571 Dominus
543 2517 825 2570 TYCHO
848 2517 964 2569 suis
987 2518 1146 2570 idem
1171 2518 1246 2570 ad
1273 2534 1370 2569 me
1395 2517 1576 2570 literis
1602 2518 1868 2570 testatum
1894 2518 2240 2569 reddiderat.
2270 2517 2426 2580 Que-

223 2591 459 2643 rebatur
477 2596 673 2641 tecum
692 2589 764 2640 de
784 2588 1060 2654 fingulari
1079 2596 1206 2641 tum
1226 2590 1610 2653 impudentia,
1637 2596 1764 2641 tum
1784 2589 2200 2654 ingratitudine
2222 2588 2425 2640 DUN-

225 2661 424 2714 CANI
445 2660 795 2723 LIDDELIJ
818 2660 990 2720 Scoti,
1013 2663 1116 2724 qui
1135 2676 1295 2712 nunc
1316 2663 1378 2712 in
1399 2661 1623 2726 Inclyta
1637 2661 1789 2712 Iulia
1803 2660 2141 2713 Matheseos
2156 2659 2425 2712 Professo-

224 2748 350 2785 rem
376 2734 508 2797 agit,
537 2731 696 2796 quod
723 2734 772 2783 is
798 2747 923 2783 non
947 2738 1179 2783 tantum
1205 2733 1388 2784 literis
1412 2733 1487 2784 ad
1510 2732 1644 2784 suos
1669 2734 1944 2796 privatim
1970 2732 2135 2792 datis,
2163 2731 2258 2783 sed
2280 2737 2334 2782 et
2355 2746 2426 2781 ex

222 2803 460 2868 publica
470 2800 915 2868 praelec'tionum
926 2802 1165 2855 suarum
1177 2802 1455 2855 cathedra
1462 2803 1990 2868 Tychonianarum
2002 2802 2427 2868 Hypotheseon

147 2878 175 2921 1
223 2875 279 2926 [6
299 2877 558 2939 primum
576 2875 680 2925 esse
699 2876 1071 2926 inventorem
1087 2874 1150 2926 fit
1170 2874 1467 2939 gloriatus,
1491 2874 1751 2938 Querela
1770 2874 1873 2926 illa
1894 2877 2102 2927 certior
2121 2873 2244 2933 fuit,
2268 2873 2426 2937 quod

223 2945 423 2997 multis
442 2946 738 2997 bonorum
757 2948 1023 2997 virorum
1042 2946 1383 3011 testimonijs
1404 2952 1458 2997 et
1478 2946 1660 2998 literis
1679 2946 1953 2997 videbam
1969 2944 2341 2997 TYCHONI
2362 2943 2425 2994 fi-

224 3017 360 3069 dem
375 3019 502 3068 eius
516 3019 600 3068 rei
613 3015 828 3069 factam
842 3016 1185 3078 luculenter,
1208 3023 1263 3068 et
1276 3020 1526 3082 gravior,
1549 3017 1708 3081 quod
1722 3019 1771 3068 is
1786 3032 1910 3068 non
1923 3015 2095 3076 soluS‚
2110 3015 2205 3067 sed
2221 3022 2275 3066 et
2291 3030 2426 3066 cum

226 3089 360 3153 alijs
381 3087 612 3139 duobus
632 3088 935 3153 PlagiariJ‘s
954 3095 1186 3140 tantum
1205 3088 1434 3140 facinus
1454 3090 1518 3140 in
1537 3087 2004 3140 TYCHONEM
2032 3086 2206 3138 ausus
2229 3086 2424 3138 fuisset.

160 3177 182 3195 v
226 3158 580 3224 Indignabar
604 3174 840 3210 mecum
860 3155 881 3227 ΙΙ
903 3166 957 3211 61
976 3159 1240 3212 ridebam
1260 3166 1461 3211 tamen
1481 3175 1617 3211 cum
1636 3159 1974 3211 Phavorino
1996 3160 2257 3210 cornices
2277 3157 2424 3216 illas,

224 3229 499 3281 homines
524 3232 588 3280 in
613 3230 823 3282 alienis
848 3230 1066 3294 plumis
1091 3231 1493 3295 tripudiantes,
1521 3230 1817 3289 ridicuIOS,
1845 3229 2005 3293 quod
2028 3228 2330 3281 ambitiose
2350 3228 2425 3280 ad

224 3303 455 3352 maiora
482 3300 817 3365 aspirarent,
849 3301 1096 3362 odiosos,
1129 3302 1288 3366 quod
1316 3318 1388 3353 ea
1415 3301 1908 3365 consequerentur
1938 3301 2097 3364 apud
2124 3299 2423 3364 quosdam,

225 3371 598 3431 miserabileS‚
627 3372 786 3435 quod
812 3373 1052 3424 tandem
1073 3373 1232 3437 apud
1254 3388 1460 3424 omnes
1485 3373 1661 3425 laude
1682 3375 1925 3436 turpiter
1946 3371 2293 3423 exciderent.
2306 3370 2423 3491 lSo-

2330 3447 2425 3492 ent
