2638 3918
671 297 950 349 INDEX
976 297 1383 349 VIRORUM
1411 296 1916 349 DOCTORUM

190 449 285 492 per
308 440 416 480 tres
443 448 654 480 menses
673 438 853 491 Pragae
873 439 1117 479 versatus
1137 436 1257 479 inde

189 508 242 551 in
262 509 491 551 Galliam
513 507 784 562 profectus
805 511 898 550 est.

262 579 497 630 BLAEV,
507 578 942 630 WillemJanson‚
955 582 1112 622 natus
1128 579 1256 630 1571,

191 651 397 694 Hvenae
418 653 660 693 versatus
687 652 766 692 est
797 649 1043 702 1595—96,
1071 653 1257 704 postea

188 721 554 777 typographus
574 721 670 763 fuit
686 721 1100 772 Amsterodami,
1121 732 1261 764 mor-

188 797 310 836 tuus
346 792 473 836 1638.
509 792 737 836 Tabulas
772 792 1154 847 geographicas
1190 792 1258 834 ab

190 876 254 909 eo
282 864 521 918 inceptas
547 862 768 917 perfecit
782 862 811 914 J
815 875 948 906 anus
970 863 1108 906 filius
1129 863 1256 918 ejus.

262 934 564 986 BLOTIUS‚
583 934 754 988 Hugo,
776 937 883 978 nat.
901 934 1109 988 Delphii
1128 934 1256 985 1533,

182 1007 605 1063 jurisconsultus,
633 1006 753 1048 inde
781 1006 848 1049 ab
877 1017 1018 1049 anno
1050 1005 1161 1048 1575
1188 1005 1258 1048 bi-

189 1077 566 1121 bliothecarius
598 1076 695 1119 fuit
725 1076 1085 1131 Imperatoris,
1120 1088 1259 1120 mor-

188 1153 310 1192 tuus
330 1152 410 1192 est
428 1148 764 1192 Vindobonae
789 1147 916 1191 1608.

261 1219 659 1271 BOCHAZIUS,
681 1219 784 1262 vid.
807 1219 1107 1262 Bachatius.

260 1291 638 1342 BOEKELIUS,
673 1290 915 1342 Ioannes,
949 1293 1105 1333 natus
1136 1291 1258 1333 Ant-

188 1363 387 1418 verpiae
412 1363 541 1414 1535,
564 1362 664 1405 arti
683 1362 909 1406 medicae
930 1373 1154 1416 operam
1174 1362 1260 1404 de-

189 1434 264 1477 dit
291 1434 518 1477 Hauniae
545 1436 597 1477 et
616 1433 1033 1488 Wittembergae,
1061 1432 1259 1487 profes-

188 1517 279 1549 sor
304 1505 586 1548 medicinae
615 1504 931 1547 Helmstadii
961 1504 1089 1556 1575,
1120 1516 1259 1547 mor-

188 1580 310 1620 tuus
335 1576 462 1620 1605.

261 1647 700 1699 BONGARSIUS,
733 1647 976 1698 IacobUS,
1004 1647 1260 1702 juriscon-

189 1721 371 1772 sultus,
393 1722 550 1762 natus
570 1718 839 1762 Aureliam·
862 1718 990 1770 1554,
1015 1730 1111 1773 per
1130 1719 1260 1761 mul-

188 1795 273 1835 tos
299 1803 469 1835 annos
499 1790 642 1845 apud
669 1790 934 1844 principes
962 1790 1259 1833 Germanos

189 1864 406 1918 legatus,
428 1865 671 1905 mortuus
693 1861 916 1904 Lutetiae
942 1861 1069 1904 1612.

262 1933 668 1985 BORDINGUS,
695 1932 939 1984 Iacobus,
964 1935 1071 1975 nat.
1095 1932 1259 1974 Ham-

190 2005 341 2061 burgi
359 2005 487 2056 1547,
503 2005 776 2060 professor
783 2003 914 2059 juris
928 2003 1153 2047 feudalis
1168 2004 1261 2046 Ro—

189 2076 380 2120 stochii
410 2075 717 2128 1579—1593‚
745 2079 932 2130 postea
954 2076 1138 2118 consul
1161 2075 1260 2117 Lu-

190 2148 358 2200 becae,
381 2150 624 2191 mortuus
648 2146 775 2190 1616.

261 2218 647 2270 BRASCHIUS,
665 2218 940 2269 Martinus,
958 2221 1113 2260 natus
1129 2217 1257 2269 1565,

190 2290 462 2345 professor
486 2289 681 2345 logices
705 2289 987 2341 Rostochii,
1015 2291 1259 2332 mortuus

195 2361 322 2405 1601.
343 2362 546 2404 Auctor
558 2363 638 2404 est
652 2360 955 2404 carminum
970 2366 1130 2414 atque
1145 2371 1259 2403 ora-

188 2433 396 2477 tionum
416 2433 722 2476 multarum.

262 2503 620 2556 BRAUNIUS,
640 2503 911 2558 Georgius,
931 2502 1259 2546 archidiaco-

190 2587 290 2619 nus
319 2575 656 2627 Dortmundi,
687 2578 875 2629 postea
904 2575 1140 2618 decanus
1168 2574 1260 2617 Co-

190 2647 364 2698 loniae,
393 2646 555 2689 edidit
580 2647 819 2701 amplum
843 2657 1038 2700 corpus
1057 2645 1261 2688 tabula-

191 2730 312 2760 rum
338 2717 830 2772 geographicarum,
859 2717 1002 2771 quod
1028 2716 1260 2760 inscribi-

189 2792 277 2832 tur
302 2788 593 2831 Theatrum
627 2787 835 2831 urbium
863 2788 910 2844 (6
932 2789 1054 2831 voll.
1088 2788 1259 2831 1593—

196 2859 340 2913 1616)

264 2930 614 2982 BRUCAEUS,
632 2930 910 2983 Henricus‚
925 2934 1032 2973 nat.
1049 2931 1102 2973 in
1116 2931 1260 2973 Flan-

192 3001 306 3044 dria
330 3001 459 3052 1531,
486 3002 710 3044 Lutetiae
731 3004 782 3044 et
802 3001 1054 3045 Bononiae
1075 3002 1259 3045 studiis

193 3084 415 3127 operam
436 3073 593 3124 dedit,
617 3073 684 3116 ab
703 3084 844 3115 anno
862 3072 975 3115 1567
989 3073 1260 3127 professor

193 3143 387 3186 artium
400 3143 907 3187 mathematicamm
919 3147 969 3186 et
978 3143 1259 3187 medicinae

194 3214 475 3266 Rostochii,
497 3217 740 3258 mortuus
765 3214 892 3257 1598.

265 3285 748 3336 BUCHANANUS,
766 3285 1037 3340 Georgius,
1056 3285 1261 3329 histori-

194 3367 304 3407 cus,
327 3358 482 3398 natus
495 3356 549 3398 in
562 3356 740 3399 Scotia
764 3356 891 3408 1506,
914 3356 1138 3399 Lutetiae
1158 3359 1261 3399 stu-

2292 297 2397 349 453

1332 436 1428 479 diis
1459 447 1681 490 operam
1711 436 1854 479 dedit
1883 448 1946 479 ac
1976 436 2171 491 saepius
2201 436 2395 479 docuit.

1331 507 1466 550 Ante
1493 519 1693 549 annum
1718 507 1830 550 1563
1849 507 1902 550 in
1922 507 2157 551 Scotiam
2184 506 2399 550 revertit

1332 580 1383 620 et
1398 578 1466 620 ab
1482 578 1707 621 ecclesia
1725 578 1990 621 catholica
2011 578 2218 630 defecit,
2240 579 2398 622 rebus

1331 648 1554 703 publicis
1578 661 1642 692 ac
1666 650 1832 693 sacris
1852 651 2080 692 multum
2101 661 2158 692 se
2178 650 2396 701 dedidit;

1334 722 1577 763 mortuus
1597 724 1676 763 est
1700 720 1827 764 1582.

1393 791 1774 843 BUCRETIUS,
1809 792 1996 835 Daniel
2028 792 2397 849 (Rindfleisch),

1333 862 1499 905 homo
1519 862 1708 906 nobilis
1723 874 1751 905 e
1766 863 1964 914 Silesia‚
1987 864 2183 906 multos
2203 875 2299 918 per
2312 876 2400 906 an-

1332 945 1430 977 nos
1461 934 1514 976 in
1546 934 1696 976 Italia
1725 937 1969 976 versatus
1998 937 2091 985 est,
2126 934 2315 978 deinde
2346 935 2399 978 in

1333 1005 1520 1056 Gallia,
1534 1004 1705 1048 ordini
1717 1005 2194 1049 Dominicanorum
2206 1005 2399 1060 ascrip-

1330 1079 1416 1119 tus
1437 1079 1531 1128 est,
1553 1079 1797 1119 mortuus
1822 1076 1948 1119 1631.

1404 1148 1528 1190 BYR
1534 1147 1708 1199 GIUS‚
1720 1147 1748 1198 J
1751 1150 1899 1190 ustus
1912 1147 1954 1203 (J
1959 1150 2078 1191 oost
2086 1147 2271 1204 Burgi),
2290 1160 2400 1190 ma-

1330 1219 1652 1262 thematicus
1671 1218 1899 1272 insignis,
1921 1221 2075 1262 natus
2088 1218 2141 1261 in
2156 1218 2400 1262 Helvetia

1336 1291 1464 1342 1552,
1479 1289 1722 1333 Cassellis
1736 1293 1980 1333 versatus
1994 1293 2073 1333 est
2091 1290 2398 1342 1579—1603,

1331 1361 1452 1404 inde
1465 1362 1688 1416 Pragam
1701 1373 1759 1404 se
1774 1361 2008 1413 contulit,
2024 1364 2267 1405 mortuus
2282 1362 2401 1404 Cas-

1331 1433 1472 1476 sellis
1497 1432 1623 1475 1632.
1647 1432 1721 1475 Cf.
1743 1436 1872 1476 tom.
1889 1432 1959 1475 V1
1980 1445 2029 1487 p.
2051 1432 2154 1475 346.

1403 1504 1846 1556 CAMERARIUS,
1890 1504 2197 1548 Ioachimus
2233 1503 2401 1560 (Lieb-

1331 1575 1502 1632 hard),
1530 1579 1686 1619 natus
1711 1576 2022 1631 Bambergae
2047 1576 2175 1627 1500,
2203 1575 2401 1630 profes-

1331 1658 1422 1690 sor
1447 1647 1748 1702 philologiae
1767 1647 2018 1702 Tubingae
2049 1647 2177 1699 1535,
2206 1646 2400 1701 Lipsiae

1337 1717 1465 1770 1541,
1495 1718 1586 1761 ubi
1617 1721 1860 1761 mortuus
1890 1721 1970 1762 est
2002 1718 2129 1761 1574.
2162 1743 2217 1748 —
2247 1717 2400 1760 Filius

1333 1789 1571 1844 eJusdem
1589 1789 1833 1841 nominis,
1855 1793 2011 1832 natus
2030 1789 2157 1841 1534,
2181 1789 2281 1832 arti
2295 1801 2401 1832 me-

1334 1861 1470 1904 dicae
1508 1872 1732 1916 operam
1766 1861 1910 1904 dedit
1944 1861 2154 1912 Paduae,
2196 1860 2400 1904 Norim-

1333 1932 1510 1987 bergae
1534 1932 1858 1975 medicinam
1878 1932 2129 1984 exercuit,
2157 1935 2400 1975 mortuus

1333 2007 1413 2047 est
1436 2003 1564 2047 1598.

1392 2075 1790 2126 CAMINAEUS,
1804 2075 2096 2127 Balthasar,
2106 2077 2212 2117 nat.
2225 2074 2398 2125 Ceuae,

1332 2146 1605 2200 professor
1621 2146 1832 2201 logices,
1854 2149 2041 2201 postea
2058 2145 2400 2190 historiarum

1333 2220 1384 2260 et
1395 2229 1620 2272 poeseos
1632 2217 1962 2261 Francofurti
1974 2217 2116 2272 apud
2123 2217 2398 2268 Viadrum,

1333 2292 1576 2332 mortuus
1600 2289 1727 2332 1613.

1403 2359 1785 2412 CAMPANUS,
1808 2361 2049 2412 Ioannes,
2078 2361 2143 2403 de
2165 2357 2210 2402 N
2215 2370 2398 2402 ovara.

1331 2431 1473 2473 Vixit
1486 2431 1630 2475 circa
1650 2444 1849 2474 annum
1872 2431 2000 2483 1150,
2020 2443 2154 2486 opus
2172 2430 2402 2474 confecit

1330 2502 1416 2544 De
1454 2501 1691 2556 sphaera,
1734 2503 1959 2546 Euclidis
1998 2515 2163 2557 opera
2197 2514 2264 2545 ex
2297 2513 2402 2544 ser-

1333 2585 1494 2617 mone
1513 2574 1745 2618 Arabico
1767 2574 1935 2617 vertit.

1405 2645 1781 2697 CARDANUS,
1826 2645 2203 2699 Hieronymus,
2246 2647 2400 2687 natus

1332 2717 1526 2760 Paduae
1559 2717 1687 2769 1501,
1722 2716 2150 2767 mathematicus,
2183 2716 2401 2758 astrolo-

1332 2800 1442 2843 gus,
1466 2787 1721 2839 medleus,
1740 2787 1869 2830 vixit
1884 2787 2186 2838 Mediolani,
2208 2785 2397 2837 Paviae‚

1334 2860 1533 2910 Romae,
1555 2859 1646 2902 ubi
1664 2862 1907 2902 mortuus
1928 2861 2007 2901 est
2031 2859 2157 2900 1575.

1405 2930 1742 2980 CASELIUS,
1786 2930 2027 2980 Ioannes,
2073 2931 2228 2971 natus
2270 2928 2399 2979 1533,

1333 3001 1732 3056 Wittembergae
1754 3003 1805 3044 et
1824 3001 1877 3042 in
1897 3000 2047 3043 Italia
2073 2999 2256 3043 studiis
2280 3011 2400 3053 ope-

1333 3084 1451 3114 ram
1482 3072 1640 3123 dedit,
1671 3071 1942 3125 professor
1970 3070 2321 3126 philosophiae
2347 3070 2425 3112 in-

1333 3142 1625 3186 academiis
1654 3142 2032 3197 compluribus,
2066 3145 2400 3196 postremum

1334 3213 1666 3264 Helmstadii,
1678 3213 1769 3256 ubi
1779 3216 2021 3256 mortuus
2032 3215 2111 3255 est
2126 3212 2253 3255 1613.
2272 3212 2401 3254 Mul-

1332 3289 1417 3328 tos
1440 3285 1603 3328 libros
1623 3283 1936 3338 conscripsit
1963 3283 2032 3326 ad
2057 3283 2399 3338 philologiam

1334 3360 1384 3399 et
1405 3356 1535 3398 alias
1555 3358 1695 3398 artes
1716 3355 2048 3409 pertinentes.
