2638 3918
246 289 352 342 460

319 427 652 478 MULAEUS,
678 425 940 478 Claudius,
969 425 1133 469 frater
1150 426 1312 470 fuisse

247 500 454 543 videtur
468 498 496 550 J
501 498 587 540 ani
608 498 803 542 Mulaei.

320 568 635 613 MULAEUS
656 569 767 612 sive
788 569 996 621 Mulius,
1017 568 1045 620 J
1050 581 1198 621 anus,
1225 581 1314 612 na-

245 645 329 684 tus
345 640 471 691 1564,
485 639 807 683 medicinam
820 640 1056 683 exercuit
1067 640 1313 683 Othaniae

247 711 434 755 Daniae
450 711 517 754 ab
534 722 674 755 anno
691 711 802 755 1605
815 723 983 766 usque
998 711 1066 754 ad
1082 714 1312 755 mortem

245 782 414 840 (1633).

318 853 691 906 MUNOSIUS,
718 853 1030 908 Hieronym.
1058 854 1310 910 (Mufioz)‚

244 925 516 980 professor
531 925 721 980 linguae
738 925 1021 969 Hebraicae
1035 925 1311 978 Valentiae,

244 1000 432 1052 postea
476 997 670 1040 artium
713 997 1221 1040 mathematicarum
1261 1000 1312 1039 et

245 1069 435 1123 linguae
451 1067 735 1111 Hebraicae
750 1068 1108 1120 Salmanticae,
1125 1071 1313 1112 auctor

246 1140 362 1183 libri
382 1140 447 1183 de
467 1151 610 1183 nova
630 1141 796 1183 stella.

317 1211 597 1263 MYLIUS,
645 1211 921 1264 Martinus,
966 1214 1125 1266 poeta
1164 1222 1313 1255 coro-

245 1285 400 1325 natus
416 1282 482 1325 ab
499 1282 844 1336 Imperatore,
860 1286 1038 1327 rector
1051 1282 1314 1338 gymnasii

247 1354 476 1405 Gorlicii,
503 1356 746 1397 mortuus
771 1353 898 1406 1611,
929 1367 1129 1397 annum
1153 1365 1313 1409 agens

245 1424 317 1468 69.
341 1425 415 1469 Cf.
439 1427 674 1471 annotat.
697 1426 766 1468 ad
785 1428 915 1469 tom.
939 1426 1009 1468 IV
1028 1438 1077 1480 p.
1100 1425 1256 1476 287‚12.

319 1496 683 1548 NOLTHIUS,
711 1497 967 1549 Andreas,
996 1497 1314 1540 Embeccen-

245 1567 332 1619 sis‚
354 1570 542 1611 auctor
557 1567 716 1611 libelli
730 1568 795 1611 de
809 1579 952 1611 nova
967 1569 1131 1620 stella,
1149 1580 1313 1622 quam

244 1639 421 1682 Terrae
433 1640 601 1682 multo
614 1639 919 1694 propiorem
930 1652 1093 1694 quam
1104 1640 1313 1682 Lunam

246 1722 361 1754 esse
382 1710 627 1765 opinatus
648 1713 741 1754 est.

318 1781 608 1834 NOVARA,
631 1782 928 1825 Domenico
946 1782 1134 1833 Maria,
1157 1784 1313 1824 natus

250 1853 376 1905 1454,
411 1853 682 1908 professor
715 1853 1072 1906 Bononiensis,
1107 1853 1313 1897 amicus

246 1927 298 1967 et
316 1927 617 1979 praeceptor
638 1924 928 1979 Copernici,
950 1928 1107 1969 mort.
1135 1924 1262 1968 1504.

317 1995 679 2048 ORIGANUS,
726 1996 915 2048 David,
960 1996 1098 2040 filius
1135 1995 1311 2048 Tostii‚

245 2070 400 2110 natus
431 2067 559 2119 1558,
586 2067 859 2122 professor
884 2068 1076 2123 linguae
1104 2067 1313 2111 Graecae

246 2150 310 2182 ac
354 2142 540 2193 postea
577 2139 771 2182 artium
807 2139 1313 2183 mathematicamm

245 2210 575 2254 Francofurti
626 2211 768 2265 apud
817 2211 1091 2254 Viadrum.
1144 2211 1315 2254 Edidit

245 2282 641 2337 Ephemerides;
680 2282 961 2325 Novarum
1002 2282 1309 2325 coelestium

245 2354 487 2396 motuum
505 2353 935 2407 Ephemeridum
958 2357 1088 2398 tom.
1106 2355 1127 2396 I
1141 2354 1314 2411 (Fran-

246 2425 438 2469 cofurti
465 2424 596 2482 1609)
622 2424 760 2468 utilis
781 2429 859 2468 est
881 2426 949 2468 ad
971 2426 1312 2480 astrologiam

245 2496 668 2551 perdiscendam.
692 2496 935 2540 Mortuus
956 2500 1035 2540 est
1059 2497 1185 2540 1628.

317 2567 956 2620 ORTELIUS,Abraham,
964 2568 1310 2623 geographus,

245 2642 400 2682 natus
427 2639 732 2694 Antverpiae
762 2639 890 2691 1527,
919 2642 1161 2682 mortuus
1188 2639 1310 2683 ibid.

249 2710 376 2754 1598.
400 2710 446 2752 N
450 2710 744 2765 egotiorum
766 2721 930 2753 causa
951 2710 1018 2753 ab
1041 2722 1180 2754 anno
1200 2711 1312 2753 1575

245 2783 472 2825 multum
486 2781 538 2824 in
552 2781 1059 2837 peregrinationibus
1069 2785 1312 2825 versatus

245 2856 338 2897 est.
367 2854 567 2897 Auctor
593 2856 671 2897 est
696 2852 967 2895 Thesauri
985 2851 1133 2896 orbis
1155 2854 1315 2896 terra-

245 2935 381 2977 rum,
404 2936 525 2978 quae
545 2924 719 2979 prima
739 2924 835 2966 fuit
853 2936 1048 2979 magna
1069 2924 1312 2968 collectio

244 2996 550 3039 tabularum
578 2995 1057 3051 geographicarum
1085 2995 1221 3052 (1570
1249 3006 1313 3039 ac

245 3070 432 3121 postea
453 3066 691 3123 auctior).

318 3138 522 3190 OTHO,
538 3138 863 3190 Valentinus,
884 3140 1040 3181 natus
1061 3138 1206 3181 circa
1227 3150 1315 3181 an-

246 3221 375 3251 num
399 3209 527 3260 1550,
550 3209 837 3263 discipulus
858 3209 1091 3261 Rhaetici,
1113 3209 1315 3252 mathe-

247 3280 474 3322 maticus
494 3281 738 3323 electoris
757 3280 990 3324 Palatini.
1015 3281 1217 3324 Auctor
1237 3283 1315 3323 est

250 3348 448 3404 Operis
478 3349 717 3393 Palat1'n1‘
745 3351 814 3393 de
847 3350 1132 3405 triangulis
1162 3351 1315 3407 (Neo-

726 286 1005 339 INDEX
1030 286 1438 339 VIRORUM
1466 286 1971 341 DOCTORUM

1385 426 1541 470 stadii
1563 425 1710 484 1596),
1732 438 1837 481 quo
1859 427 2077 471 Rhaetici
2094 439 2227 483 opus
2246 428 2320 472 ita
2339 440 2452 484 per-

1386 497 1525 549 fecit,
1554 500 1613 541 ut
1640 509 1737 553 pro
1767 498 1978 554 singulis
2009 499 2101 542 10⁴¹
2129 511 2224 543 sex
2252 500 2452 554 quanti-

1385 572 1521 612 tates
1554 569 2014 624 trigonometricas
2048 570 2327 625 praeberet,
2363 583 2452 626 po-

1386 641 1486 684 sito
1506 640 1658 684 radio
1683 640 2017 684 10000000000.

1456 711 2451 770 PATRITIUS,Franciscus(Francesco

1385 782 1642 840 Patrizio)‚
1661 782 2024 838 philosophus,
2043 787 2201 827 natus
2219 784 2347 837 1530,
2364 785 2452 828 do-

1387 854 1494 898 cuit
1520 854 1757 898 Ferrarae
1783 857 1835 898 et
1860 855 2060 907 Romae,
2090 855 2182 899 ubi
2209 859 2452 900 mortuus

1387 929 1465 969 est
1500 925 1627 969 1597.
1663 925 1737 969 Cf.
1770 929 2004 970 annotat.
2037 927 2107 970 ad
2133 926 2289 983 hujus
2319 927 2453 971 tomi

1384 1010 1433 1053 p.
1455 997 1610 1050 206,³s.

1455 1069 1642 1121 PENA,
1664 1069 1907 1121 Ioannes,
1930 1072 2086 1113 natus
2105 1069 2159 1113 in
2178 1069 2452 1113 Provincia

1386 1140 1531 1184 circa
1560 1152 1760 1183 annum
1793 1140 1921 1192 1528,
1955 1140 2228 1195 professor
2258 1141 2452 1184 artium

1386 1211 1893 1255 mathematicarum
1904 1212 1957 1254 in
1969 1212 2188 1267 collegio
2201 1212 2344 1268 regio
2354 1213 2453 1255 Lu-

1384 1283 1543 1334 tetiae,
1577 1286 1820 1326 mortuus
1856 1282 1983 1325 1558.
2018 1283 2186 1326 Edidit
2218 1286 2270 1327 et
2299 1284 2453 1328 inter-

1385 1357 1621 1408 pretatus
1642 1356 1721 1398 est
1740 1354 1966 1397 Euclidis
1982 1352 2177 1408 Optica
2195 1358 2246 1398 et
2265 1354 2454 1410 catop-

1389 1424 1519 1467 trica
1540 1425 1785 1481 (Lutetiae
1810 1425 1954 1482 1557).
1984 1425 2301 1480 Opinionem
2324 1426 2452 1482 ejus,

1387 1497 1583 1540 caelum
1599 1499 1722 1539 aere
1735 1497 1996 1551 repletum
2013 1508 2145 1549 esse,
2166 1497 2361 1552 saepius
2381 1498 2454 1541 af-

1385 1567 1487 1610 fert
1505 1567 1689 1622 Tycho
1709 1567 1772 1624 (e.
1796 1579 1840 1622 g.
1861 1570 1992 1611 tom.
2016 1568 2062 1610 ΙΙ
2082 1580 2132 1623 p.
2154 1569 2286 1621 77‚2s;
2309 1570 2380 1612 III
2400 1581 2450 1624 p.

1391 1638 1560 1695 l54‚24).

1456 1710 1709 1762 PEPLER,
1761 1710 2187 1765 christophorus,
2244 1712 2452 1768 negotia

1385 1781 1652 1837 Tychonis
1696 1782 2004 1836 procuravit
2044 1783 2097 1826 in
2137 1782 2296 1827 feudo
2342 1784 2453 1839 ejus

1388 1853 1677 1909 Nordfj0rd
1697 1853 1993 1908 Norvegiae.

1456 1924 1747 1977 PETKUM,
1778 1924 1961 1968 Simon
1981 1937 2103 1978 von,
2131 1927 2340 1982 negotia
2358 1927 2454 1981 Ty-

1387 1996 1574 2041 chonis
1595 1996 1891 2051 Hamburgi
1909 1997 2231 2051 procuravit.

1456 2068 1699 2112 PETRUS
1730 2068 2032 2111 SEVERINI
2060 2068 2241 2126 (Peder
2269 2068 2454 2113 Soren-

1387 2140 1514 2196 sen),
1530 2142 1685 2183 natus
1700 2139 1828 2191 1542,
1846 2139 1913 2182 ab
1931 2151 2071 2183 anno
2088 2139 2201 2183 1570
2214 2140 2453 2184 medicus

1386 2212 1522 2267 regis
1543 2210 1746 2263 Daniae‚
1774 2213 2018 2254 mortuus
2042 2210 2169 2254 1602.
2198 2211 2342 2255 Sicut
2358 2211 2454 2266 Ty-

1387 2284 1491 2327 cho
1525 2282 1862 2326 adversarius
1895 2285 2011 2325 erat
2041 2282 2322 2326 medicinae
2355 2282 2454 2326 Ga-

1385 2354 1627 2398 lenianae.

1457 2426 1720 2478 PEUCER,
1740 2425 1955 2480 Caspar,
1977 2427 2083 2468 nat.
2105 2425 2233 2477 1525,
2253 2424 2453 2468 artibus

1387 2496 1781 2540 mathematicis
1790 2499 1842 2540 et
1850 2496 2221 2540 astronomicis
2230 2507 2452 2551 operam

1387 2568 1530 2611 dedit
1560 2567 1975 2622 Wittembergae,
2021 2567 2293 2622 professor
2336 2567 2454 2610 arti-

1385 2652 1478 2682 um
1495 2638 2002 2682 mathematicarum
2020 2639 2148 2690 1554,
2170 2638 2452 2683 medicinae

1390 2710 1522 2763 1559;
1552 2721 1710 2765 gener
1735 2709 1831 2752 fuit
1852 2709 2070 2764 Philippi
2090 2709 2454 2754 Melanchtho-

1385 2782 1480 2825 nis.
1510 2780 1710 2824 Calvini
1735 2781 1961 2824 decretis
1986 2781 2143 2824 nimis
2172 2781 2354 2825 favere
2382 2782 2453 2824 in-

1386 2852 1737 2896 simulabatur
1748 2855 1799 2896 et
1810 2852 1877 2895 ab
1892 2863 2032 2896 anno
2048 2852 2160 2895 1574
2172 2853 2241 2895 ad
2253 2865 2451 2896 annum

1391 2924 1503 2967 1586
1513 2924 1567 2967 in
1578 2935 1796 2968 carcere
1806 2923 2099 2967 tenebatur.
2118 2924 2360 2967 Mortuus
2374 2927 2454 2968 est

1391 2995 1517 3039 1602.

1456 3066 1803 3118 PINELLUS,
1828 3065 2132 3109 Vincentius
2163 3065 2452 3123 (Vincenzo

1386 3137 1595 3195 Pinelli),
1608 3140 1714 3180 nat.
1727 3137 1950 3191 Neapoli
1964 3136 2091 3189 1535,
2106 3137 2173 3181 ab
2187 3148 2327 3181 anno
2340 3137 2452 3180 1558

1386 3210 1580 3252 Paduae
1600 3208 1744 3260 vixit,
1765 3207 1819 3251 in
1839 3207 2017 3251 multis
2037 3207 2321 3263 disciplinis
2340 3220 2453 3252 ver-

1387 3283 1535 3323 satus
1549 3282 1643 3331 est,
1658 3279 1822 3323 libros
1834 3282 1885 3322 et
1896 3279 2109 3323 codices
2121 3291 2283 3321 manu
2294 3279 2454 3333 scrip-

1386 3355 1470 3394 tos
1490 3353 1701 3394 strenue
1722 3350 1943 3405 collegit,
1966 3353 2207 3393 mortuus
2224 3352 2303 3392 est
2323 3349 2449 3392 1601.
