2652 4022
283 325 377 378 176
816 317 1256 372 EPISTOLAE
1282 317 1952 373 ASTRONOMICAE

280 482 387 530 pro
416 472 625 529 quarta
651 470 814 527 parte
841 465 989 514 meis
1017 461 1280 527 expensis
1306 465 1525 514 annuis
1551 478 1675 514 non
1693 461 2030 522 sufficiebat,
2058 477 2238 526 quam
2266 468 2483 523 tamen,

282 552 417 589 cum
442 539 541 587 vix
568 534 763 587 adhuc
789 533 948 586 littus
974 536 1232 599 patrium
1258 528 1279 601 ΙΙ
1306 533 1668 598 reliquissem‚
1699 533 2106 586 Cancellarius
2133 549 2171 585 a
2195 534 2348 598 Rege
2377 549 2484 598 pro
2533 542 2586 585 1v

279 608 334 659 se
355 608 687 671 impetravit
708 611 884 670 atque
904 608 967 657 in
987 607 1247 670 privatos
1266 604 1400 657 suos
1417 604 1553 656 usus
1570 604 1869 666 transtulit,
1892 605 2042 657 adeo
2056 610 2121 657 ut
2134 604 2304 657 multi
2318 619 2484 657 vero-

278 678 535 729 fimiliter
548 676 685 728 inde
698 676 1035 742 collegerint
1046 676 1207 741 quod
1217 676 1334 728 huc
1347 675 1544 728 cursus
1556 675 1680 728 fuit.
1696 676 1858 728 Nam
1868 683 2264 741 praeterquam
2278 674 2482 741 [quod]

279 750 498 801 reditus
517 764 668 813 pene
690 763 898 799 omnes
918 749 1207 813 necessarij
1233 747 1517 812 denegati,
1540 747 1740 799 multis
1761 747 1892 812 alijs
1912 747 2188 812 gravibus
2204 787 2215 799 .
2234 788 2245 800 .
2264 788 2275 799 .
2293 753 2347 799 et
2361 763 2485 799 non
2534 764 2556 798 5

277 822 481 884 paucis
500 819 775 885 molestijs
795 826 1007 884 praeter
1028 817 1517 883 exspectationem
1535 825 1590 870 et
1606 821 1883 870 meritum
1903 833 2054 883 pene
2075 818 2291 883 absque
2310 821 2484 870 inter-

277 892 536 942 missione
557 891 964 955 conquassatus
983 890 1126 951 sum,
1147 889 1295 942 forte
1317 906 1436 955 quo
1457 892 1785 955 promptius
1806 895 1862 942 et
1882 892 2051 942 citius
2071 890 2312 951 abirem,
2333 890 2484 942 adeo

277 968 341 1014 ut
366 977 441 1014 ne
468 965 532 1014 in
553 964 806 1027 proprijs
827 962 1067 1027 quidem
1088 969 1142 1014 et
1163 977 1199 1014 a
1218 977 1315 1013 me
1337 960 1629 1014 exstructis
1650 961 1876 1013 aedibus
1897 960 2336 1021 HafnienfibUS‚
2365 977 2484 1026 quo

276 1033 657 1086 instrumenta
682 1048 820 1086 mea
844 1049 952 1098 pro
979 1035 1205 1085 maiore
1231 1039 1396 1097 parte
1424 1032 1791 1085 contuleram
1818 1039 1995 1097 atque
2015 1034 2139 1084 una
2159 1047 2294 1084 cum
2319 1038 2482 1098 typo-

276 1104 523 1169 graphia
543 1104 945 1169 deposueram,
966 1104 1152 1157 studia
1170 1120 1323 1165 mea,
1346 1120 1482 1170 quae
1501 1104 1729 1157 tamdiu
1745 1106 1809 1155 in
1825 1104 2119 1156 honorem
2132 1104 2343 1156 Patriae
2357 1119 2481 1156 mo·
2537 1119 2579 1154 ιο

276 1176 412 1228 litus
437 1176 581 1237 sum,
608 1178 850 1241 privatis
875 1176 1198 1240 sumptibus
1223 1183 1526 1240 pertexere
1554 1182 1609 1228 et
1635 1175 1913 1240 quaedam
1932 1178 1995 1227 in
2014 1178 2086 1240 ijs
2107 1175 2182 1228 ad
2203 1174 2482 1240 colopho-

275 1263 415 1299 nem
445 1248 733 1300 deducere
762 1248 1093 1313 permissum
1120 1247 1199 1308 fit,
1229 1247 1650 1312 tranquillitate
1676 1253 1967 1312 praerepta
1993 1246 2402 1311 Philosophica
2429 1254 2484 1299 et

276 1318 641 1383 dispositione
668 1318 1187 1371 instrumentorum
1212 1321 1276 1370 in
1300 1322 1446 1371 turri
1471 1321 1684 1379 vicina,
1711 1318 1859 1370 mihi
1885 1320 2257 1383 integerrime
2284 1334 2321 1370 a
2345 1318 2482 1370 Pro-

275 1389 506 1455 regibus
537 1396 591 1442 et
620 1390 855 1455 insuper
884 1406 919 1442 a
949 1390 1292 1455 Magistratu
1323 1390 1485 1442 urbis
1518 1406 1589 1442 ea
1622 1390 1693 1442 de
1727 1389 1901 1442 causa
1933 1390 2205 1449 concessa‚
2239 1391 2482 1441 nomine

276 1461 461 1527 RegiS‚
481 1461 615 1514 licet
634 1461 900 1523 absentiS,
923 1478 960 1514 a
981 1461 1182 1513 Curiae
1198 1461 1475 1526 Magistro
1495 1476 1600 1526 per
1619 1461 1780 1513 urbis
1794 1459 2141 1513 Praefectum
2160 1459 2481 1522 interdicla,
2536 1475 2578 1510 15

274 1539 403 1585 utut
431 1535 480 1585 is
508 1540 651 1593 tum,
683 1548 840 1585 unus
868 1549 898 1585 e
926 1532 1424 1596 QuatruumviriS‚
1454 1532 1669 1593 literaS‚
1701 1531 1914 1596 quibus
1941 1531 2307 1597 Magistratui
2333 1531 2481 1584 Haf-

274 1606 448 1656 niaco
474 1604 884 1666 mandabatur,
911 1611 975 1656 ut
1000 1606 1209 1656 turrim
1228 1603 1394 1656 illam
1413 1606 1477 1655 in
1498 1619 1599 1655 eos
1619 1603 1757 1655 usus
1781 1602 1931 1655 mihi
1956 1602 2329 1668 relinqueret,
2355 1602 2481 1656 sub-

273 1675 564 1740 scripserit.
586 1676 808 1728 Videns
834 1678 1049 1740 itaque,
1077 1674 1226 1726 mihi
1246 1678 1309 1726 in
1328 1675 1523 1727 Patria
1547 1677 1752 1727 omnia
1779 1675 1882 1726 esse
1909 1673 2167 1735 adversa,
2196 1681 2251 1727 et
2277 1674 2481 1727 adver-

273 1746 400 1798 sum
415 1762 623 1799 eorum
638 1749 924 1807 animum,
947 1749 1049 1811 qui
1064 1746 1194 1798 haec
1208 1746 1408 1806 studia,
1429 1762 1564 1810 quae
1580 1749 1642 1798 in
1656 1746 1896 1798 laudem
1909 1746 2120 1798 Patriae
2134 1751 2482 1811 perpetuam

272 1818 576 1878 moliebar,
603 1833 955 1883 promovere
982 1818 1288 1878 debebant,
1316 1817 1526 1869 lubens
1554 1824 1609 1870 et
1635 1817 1817 1870 alacri
1842 1816 2095 1882 fortique
2115 1820 2320 1869 animo
2342 1817 2480 1870 inde
2530 1831 2577 1867 20

273 1905 409 1941 cum
430 1890 706 1941 omnibus
725 1891 874 1941 meis
895 1888 1118 1948 discessi,
1146 1889 1324 1953 idque
1345 1892 1512 1941 iuxta
1530 1888 1828 1941 solstitium
1849 1888 2128 1949 aestivum,
2156 1894 2294 1940 ante
2319 1889 2480 1942 bien-

272 1963 441 2012 nium
470 1976 507 2012 a
535 1960 831 2025 superiore
864 1959 1044 2012 huius
1076 1962 1222 2012 anni
1253 1966 1649 2013 numeratum.
1684 1961 1778 2012 Ne
1810 1966 2012 2012 tamen
2040 1959 2270 2012 viderer
2301 1962 2479 2012 nimis

271 2047 519 2096 propere
539 2031 828 2096 nimisque
848 2038 1072 2083 remote
1095 2034 1348 2096 patriam
1368 2031 1645 2092 deserere,
1672 2031 1884 2084 substiti
1910 2034 2170 2096 primum
2190 2030 2476 2097 Rostochij

271 2118 374 2168 per
388 2106 532 2155 anni
547 2103 954 2168 quadrantem.
970 2103 1150 2155 Dedit
1162 2103 1243 2155 ibi
1257 2102 1651 2155 illustrissimus
1664 2103 1807 2155 Dux
1817 2102 2315 2168 Megapolitanus,
2331 2118 2480 2155 avus

272 2174 440 2240 Regis
469 2174 645 2227 nostri
673 2181 993 2234 maternuS‚
1023 2174 1221 2227 literas
1248 2174 1324 2226 ad
1349 2181 1627 2239 nepotem
1654 2174 1958 2239 diligenter
1982 2174 2235 2239 scriptas,
2266 2174 2479 2238 quibus
2529 2188 2575 2223 25

272 2252 526 2310 quatuor
553 2244 816 2298 adductis
837 2262 962 2298 non
980 2248 1242 2297 minimis
1263 2246 1606 2306 rationibuS‚
1635 2261 1774 2298 eum
1795 2246 1866 2298 de
1886 2245 2242 2307 restitutione
2263 2245 2478 2298 Urani-

269 2316 437 2382 burgi
451 2317 694 2382 rogabat
706 2324 761 2369 et
771 2317 1151 2377 admonebat;
1168 2320 1313 2381 quin
1325 2323 1379 2369 et
1391 2332 1515 2382 ego,
1530 2317 1749 2381 scriptis
1770 2312 1790 2386 ΙΙ
1805 2317 1941 2369 inde
1956 2317 2032 2369 ad
2047 2317 2262 2382 Regem
2276 2331 2479 2369 meum
2521 2324 2575 2366 2r

269 2387 683 2440 serenissimum
703 2388 901 2449 literiS‚
923 2404 1121 2440 meam
1143 2391 1471 2440 etiamnum
1490 2388 1593 2453 ipfi
1608 2395 1662 2440 et
1676 2389 1887 2440 Patriae
1907 2403 2031 2453 prae
2052 2387 2183 2453 alijs
2201 2388 2477 2452 Principi-

270 2458 379 2511 bus
395 2466 450 2511 et
464 2459 804 2511 nationibus
824 2475 1069 2524 operam
1088 2457 1480 2511 subiectissime
1501 2459 1703 2520 obtuli,
1725 2459 1905 2511 modo
1925 2458 2326 2511 tolerabilibus
2341 2474 2476 2511 con-

272 2530 590 2582 ditionibus
616 2531 676 2582 id
701 2529 829 2582 fieri
855 2531 1027 2595 posset
1054 2537 1230 2595 atque
1253 2530 1625 2583 indemnitati
1645 2546 1797 2582 meae
1819 2530 2230 2582 consuleretur.
2252 2530 2477 2582 Verum
2525 2546 2573 2581 30

271 2604 475 2653 omnia
503 2602 796 2662 incassum‚
830 2601 980 2653 nihil
1008 2601 1393 2666 respondente
1423 2602 1576 2667 Rege
1606 2617 1737 2663 av0‚
1770 2608 1825 2653 et
1853 2617 2018 2653 meas
2047 2600 2475 2662 inclementiuS,

271 2688 452 2737 quam
471 2672 772 2737 sperassem
793 2679 847 2724 et
868 2688 1050 2738 quam
1069 2672 1216 2725 forte
1237 2675 1462 2725 meritae
1490 2679 1672 2734 erant,
1701 2675 2037 2738 accipiente.
2065 2672 2266 2724 Postea
2292 2675 2475 2724 incre-

268 2743 561 2796 brescente
587 2744 739 2809 peste
766 2743 1051 2809 Rostochij
1081 2747 1144 2795 in
1171 2743 1504 2796 Holsatiam
1530 2761 1567 2796 a
1591 2744 1850 2797 laudatae
1875 2745 2183 2796 memoriae
2203 2746 2332 2796 viro
2353 2743 2475 2795 Do-

269 2818 434 2867 mino
452 2815 818 2868 HENRICO
837 2814 1322 2876 RANTZOVIO,
1345 2815 1524 2868 affine
1545 2831 1681 2868 meo
1697 2822 1752 2867 et
1766 2818 1959 2868 amico
1979 2814 2351 2875 honorand0‚
2371 2830 2477 2879 per

268 2886 465 2939 literas
487 2893 780 2947 evocatus,
804 2902 875 2938 eo
895 2902 991 2938 me
1013 2902 1149 2938 cum
1162 2893 1285 2939 tota
1297 2886 1524 2939 familia
1538 2889 1746 2952 recepi,
1769 2894 1945 2951 atque
1960 2901 2157 2938 arcem
2172 2885 2475 2950 quandam
2523 2902 2570 2937 3⁵

270 2960 412 3018 eius,
439 2957 651 3010 semisse
671 2958 875 3010 saltem
893 2957 1162 3010 milliaris
1184 2958 1536 3023 Hamburgo
1557 2957 1876 3018 distantem,
1901 2960 1964 3009 in
1988 2973 2169 3022 quam
2191 2959 2368 3010 etiam
2387 2959 2473 3008 in-

268 3028 599 3090 strumenta,
638 3035 927 3094 quotquot
962 3028 1207 3081 Hasniae
1242 3028 1442 3090 habui,
1484 3036 1538 3081 et
1572 3028 2027 3094 suppellectilem
2061 3028 2178 3080 istic
2212 3026 2473 3080 relictam

267 3100 544 3161 transtuli,
578 3100 699 3165 ipso
729 3100 980 3166 benigne
1011 3100 1383 3161 concedente,
1416 3116 1521 3165 per
1549 3102 1841 3166 integrum
1870 3115 2099 3153 annum
2128 3099 2472 3160 inhabitavi,

267 3171 474 3223 volens
500 3171 573 3223 fic
599 3187 723 3223 non
749 3172 867 3223 fine
894 3187 1111 3237 magno
1135 3174 1220 3223 rei
1242 3171 1549 3223 familiaris
1571 3172 1871 3236 dispendio
1892 3172 2103 3223 Patriae
2123 3170 2362 3231 studere,
2390 3175 2471 3222 at-

269 3257 384 3306 que
412 3242 760 3295 nostratibus
789 3258 916 3294 rem
944 3241 1154 3295 rectius
1181 3242 1518 3307 dispiciendi
1543 3243 1677 3295 satis
1702 3243 1989 3307 superque
2018 3241 2273 3294 multum
2298 3241 2470 3293 relin-
2521 3257 2567 3291 40

269 3328 449 3376 quere
477 3317 774 3379 temporis,
805 3322 869 3366 ut
897 3316 961 3365 in
989 3313 1282 3378 posterum
1309 3329 1380 3365 eo
1406 3317 1592 3379 magis
1623 3315 1791 3366 essem
1820 3312 2180 3372 excusabiliS,
2207 3312 2248 3363 fi
2273 3309 2473 3364 relicta

268 3383 469 3436 Dania
495 3384 676 3437 aliam
703 3401 1033 3450 quaererem
1053 3385 1310 3437 Patriam
1330 3384 1635 3450 aliumque
1660 3385 1935 3438 laborum
1961 3398 2231 3436 meorum
2254 3383 2470 3435 Mecae-

2254 3459 2468 3506 natem.
