2652 4022
91 1108 131 1141 10

72 1385 152 1428 15.

90 1465 129 1498 15

84 1820 129 1854 20

83 2177 127 2210 25

69 2667 144 2710 16¹³

81 2890 125 2922 35

184 308 487 361 TYCHO
515 309 636 360 AD
665 309 704 361 I.
733 308 1232 361 MONAVIUM
1261 310 1322 360 31
1351 309 1540 362 DEC.
1571 308 1827 375 1599l10
1854 311 2026 362 IAN.
2055 310 2201 362 1600
2283 311 2387 363 237

184 467 319 516 quae
339 454 501 516 prius
521 450 720 510 habeS‚
749 450 1034 515 adscripta
1053 451 1197 502 sunt.
1219 452 1429 512 Velim,
1452 460 1514 503 ut
1535 459 1656 504 tam
1679 453 1809 505 haec
1830 469 2011 517 quam
2032 457 2232 518 priora
2251 470 2387 506 eum

185 521 394 574 eodem
420 524 838 574 communices,
866 521 1207 586 Scripfissem
1233 522 1473 586 ipsemet
1499 525 1620 574 iam
1646 523 1747 583 illi,
1770 524 1809 575 fi
1830 525 2028 576 literas
2049 527 2175 578 eius
2196 525 2271 578 ad
2292 541 2387 577 me

183 593 621 663 humanissimas
640 599 763 645 tam
783 595 896 645 cito
917 595 1182 645 invenire
1203 595 1519 658 potuissem.
1548 594 1759 646 Nescio
1781 598 1956 655 enim,
1978 596 2079 648 ubi
2099 596 2230 649 illas
2251 612 2387 649 cum

183 663 531 729 quibusdam
560 663 707 729 alijs,
741 666 966 716 interea
995 664 1137 716 dum
1167 679 1258 716 res
1288 680 1440 717 meae
1470 665 1587 717 huc
1615 666 1802 731 Praga
1830 666 2269 727 transferuntur,
2300 683 2386 719 re·

182 734 491 799 posuerim.
526 735 785 799 Quando
819 751 920 787 eas
952 738 1207 800 reperire
1241 736 1488 795 dabitur,
1522 736 1957 801 rescriptionem
1989 754 2113 790 non
2142 738 2387 791 ulterius

180 809 578 859 intermittam,
607 806 846 858 Interim
867 806 1055 871 ipsum
1075 822 1210 859 meo
1231 809 1475 859 nomine
1497 807 1750 859 officiose
1773 808 1974 868 saluta,
2003 818 2057 861 et
2083 826 2190 874 pro
2213 811 2386 862 bene·

181 878 319 930 volo
339 877 443 930 suo
464 893 600 943 erga
619 893 715 930 me
737 881 940 930 animo
960 881 1174 943 gratias
1196 894 1318 944 age.

252 948 457 1014 Scripsi
471 949 573 1001 tibi
587 949 899 1013 aliquoties
914 956 1089 1002 antea
1105 951 1176 1002 de
1190 950 1351 1002 libris
1360 950 1737 1002 Witichianis
1750 967 1784 1002 a
1797 951 1990 1003 sorore
2007 952 2243 1004 haerede
2259 956 2385 1005 coe-

180 1020 425 1072 mendis
437 1019 615 1084 Quod
626 1020 665 1072 fi
677 1023 797 1072 iam
809 1022 912 1072 tua
923 1023 1104 1085 opera
1114 1021 1371 1085 praestari
1383 1023 1556 1086 possit,
1570 1029 1633 1073 ut
1644 1022 1788 1074 iusto
1800 1026 1997 1087 precio
2010 1039 2111 1075 eos
2124 1024 2386 1076 obtinere

182 1106 414 1157 queam,
446 1091 763 1156 praesertim
790 1092 989 1157 quoad
1016 1092 1393 1156 Exemplaria
1421 1109 1556 1157 quae
1586 1093 1793 1145 habuit
1822 1097 1932 1146 tria
1960 1094 2386 1148 COPERNICI

181 1179 217 1215 a
236 1162 291 1215 se
311 1163 736 1228 marginalibus
757 1163 1104 1228 quibusdam
1125 1164 1404 1216 illustrata
1424 1164 1496 1215 de
1518 1164 2005 1217 Revolutionibus
2024 1166 2385 1223 Coelestibus,

181 1241 235 1286 et
256 1249 392 1299 quae
407 1235 477 1286 de
493 1234 827 1300 Triangulis
849 1235 1274 1300 conscripserat,
1297 1244 1473 1299 atque
1495 1236 1566 1288 de
1588 1236 2025 1301 Hypothefibus
2042 1237 2386 1290 Coelestibus

179 1305 219 1357 fi
240 1321 375 1370 quae
402 1308 802 1367 inveniuntur,
830 1306 1036 1358 feceris
1062 1306 1209 1358 mihi
1233 1322 1359 1359 rem
1380 1309 1646 1372 apprime
1673 1314 1915 1372 gratam.
1945 1308 2212 1360 Precium
2238 1309 2385 1360 indi-

180 1384 375 1429 catum
398 1377 695 1429 confestim
716 1377 954 1430 solvam.
977 1373 998 1446 ΙΙ
1019 1378 1289 1430 Relatum
1313 1394 1550 1443 quoque
1571 1379 1647 1431 ad
1667 1394 1763 1430 me
1785 1379 1875 1437 est,
1905 1380 2205 1443 quendam
2228 1380 2386 1444 apud

180 1463 285 1500 vos
306 1455 442 1500 ante
463 1448 689 1513 aliquot
708 1450 920 1501 Annos
940 1449 1098 1501 fuisse
1118 1449 1511 1501 Astronomiae
1531 1452 1802 1514 peritum,
1831 1453 1932 1514 qui
1954 1451 2386 1504 observationes

179 1519 500 1572 nonnullas
522 1519 800 1572 Coelestes
821 1520 924 1572 suo
944 1528 1209 1586 tempore
1230 1520 1572 1586 perfecerat;
1602 1537 1749 1586 quas
1776 1521 1967 1573 filium
1993 1522 2168 1587 ipsius
2191 1522 2386 1575 adhuc

180 1590 522 1643 conservare
550 1594 732 1644 aiunt.
761 1592 1007 1644 Habitat
1033 1599 1233 1644 autem
1260 1595 1308 1644 is
1337 1592 1400 1656 (fi
1427 1595 1534 1644 rite
1562 1594 1763 1645 audita
1789 1593 2085 1656 recordor)
2109 1597 2170 1645 in
2191 1594 2387 1658 platea

180 1677 362 1727 quam
378 1669 592 1715 vocant
610 1662 709 1716 die
725 1658 1105 1731 Stockgaffe,
1128 1679 1350 1715 nomen
1371 1667 1497 1715 eius
1519 1665 1751 1724 excidit;
1773 1671 1837 1716 tu
1858 1665 2115 1729 (opinor)
2137 1665 2306 1717 facile
2328 1666 2385 1717 id

179 1736 455 1799 conijcies
485 1741 661 1798 atque
691 1737 969 1798 inquires,
1003 1750 1264 1800 rogoque
1297 1742 1688 1799 peramanter,
1722 1743 1785 1786 ut
1817 1737 1890 1787 ab
1921 1736 2042 1800 ipso
2072 1739 2385 1800 impetrare

178 1804 323 1857 velis
345 1806 671 1857 earundem
691 1805 1181 1867 observationum,
1204 1812 1348 1870 quot
1362 1813 1417 1858 et
1432 1806 1868 1871 qualescunque
1888 1807 2120 1867 fuerint,
2142 1807 2384 1873 descrip-

178 1884 304 1928 tum
323 1876 472 1928 mihi
493 1877 752 1929 concedi.
775 1877 1051 1929 Inveniat
1070 1878 1303 1929 vicissim
1326 1893 1463 1942 erga
1482 1877 1651 1929 illum
1671 1885 1884 1943 gratus,
1913 1878 2114 1930 Indica
2133 1878 2383 1943 insuper,

178 1948 279 2000 ubi
299 1947 648 2012 rescripseris
669 1948 852 2013 (quod
866 1955 921 2000 te
936 1956 1165 2000 mature
1186 1947 1477 2001 facturum
1498 1948 1755 2012 confido)
1778 1965 1857 2001 an
1878 1949 2079 2013 aliqua
2100 1951 2258 2014 apud
2279 1966 2384 2002 vos

177 2018 241 2071 fit
266 2019 699 2085 Typographia,
728 2035 864 2085 quae
889 2020 1035 2072 tales
1062 2020 1232 2086 stylos
1259 2020 1490 2080 habeat,
1522 2020 1796 2084 qualibus
1825 2020 1971 2073 liber
1999 2023 2223 2085 primus
2252 2021 2382 2086 Epi-

177 2090 454 2143 stolarum
468 2090 1011 2144 Astronomicarum
1033 2107 1064 2143 e
1085 2091 1305 2152 nostriS,
1328 2107 1506 2156 quem
1527 2091 1787 2144 existimo
1807 2099 1862 2144 te
1883 2092 2118 2153 habere,
2141 2093 2383 2144 excusus

179 2161 269 2214 est.
305 2161 590 2214 Constitui
623 2165 782 2214 enirn
817 2163 1067 2215 alterum
1096 2163 1370 2222 Tomum‚
1404 2166 1466 2214 in
1500 2179 1619 2228 quo
1652 2164 1709 2214 12
1740 2166 1914 2228 primi
1947 2166 2381 2228 quaterniones,

178 2239 500 2297 antequam
520 2249 613 2286 res
633 2249 784 2286 meae
806 2237 867 2285 in
888 2234 1089 2286 Dania
1109 2235 1613 2295 conturbarentur,
1639 2234 1885 2287 absoluti
1904 2235 2049 2295 sunt,
2071 2235 2381 2299 complere,

178 2307 239 2356 in
255 2305 463 2356 eadem
477 2304 671 2356 forma
689 2308 896 2371 papyri
912 2313 966 2357 et
981 2304 1347 2364 characteris,
1371 2308 1491 2370 qua
1510 2309 1669 2371 prior
1690 2305 1986 2359 confedtus
2007 2306 2096 2357 est.
2121 2307 2189 2357 Et
2206 2306 2381 2358 trans-

176 2378 266 2441 ige
286 2375 455 2427 fimul
476 2392 610 2428 cum
631 2376 1026 2442 Typographo
1047 2377 1281 2435 idoneo,
1305 2377 1445 2441 quid
1466 2393 1573 2442 pro
1595 2377 1855 2441 quolibet
1873 2380 2277 2442 quaternione,
2304 2380 2383 2429 ita

177 2454 240 2498 ut
254 2447 632 2512 Exemplaria
648 2450 1063 2513 imprimantur
1081 2448 1224 2507 1500,
1247 2449 1332 2500 illi
1353 2450 1791 2501 numerandum
1810 2448 1887 2500 fit.
1912 2449 1981 2500 Et
1994 2448 2163 2500 fimul
2177 2452 2382 2514 papyri

177 2518 440 2570 valorem
461 2519 672 2578 indica,
696 2520 956 2584 quidque
978 2518 1288 2572 correffitori
1307 2536 1491 2585 gnaro
1512 2523 1575 2571 in
1595 2520 1847 2585 singulas
1867 2520 2219 2584 septimanas
2242 2520 2381 2572 dan-

177 2590 334 2641 dum.
358 2589 418 2642 Si
438 2590 798 2650 intellexerO,
822 2593 1025 2643 omnia
1046 2590 1205 2643 isthic
1227 2594 1332 2643 rite
1353 2591 1656 2643 succedere
1678 2592 1843 2655 posse,
1866 2595 2093 2643 mittam
2112 2593 2233 2643 una
2248 2607 2382 2643 cum

177 2660 514 2725 Exemplari
540 2662 615 2713 ad
643 2662 936 2714 mundum
962 2662 1167 2727 scripto
1194 2666 1526 2726 pecuniam,
1555 2678 1662 2726 pro
1687 2665 1806 2727 qua
1832 2678 2089 2728 papyrus
2110 2658 2131 2730 ΙΙ
2153 2666 2380 2714 coema-

176 2739 285 2792 tur,
305 2739 359 2784 et
377 2739 595 2785 coetera
614 2732 1034 2797 persolvantur.
1058 2734 1324 2798 Ignoscas
1339 2749 1480 2785 vero
1499 2733 1663 2794 mihi,
1685 2737 1768 2785 mi
1787 2733 2125 2792 MONAVI,
2150 2734 2309 2797 quod
2326 2741 2380 2785 te

177 2803 324 2855 alias
346 2805 841 2868 occupatissimum
867 2807 1014 2856 meis
1040 2807 1297 2870 negocijs
1318 2805 1390 2856 fic
1410 2805 1724 2857 molestem.
1755 2806 1875 2870 Ego
1898 2805 2127 2868 quidvis
2148 2806 2380 2860 vicissim

176 2875 277 2925 tua
304 2875 491 2926 caussa
517 2875 748 2935 faciam,
777 2877 1132 2940 quacunque
1160 2879 1221 2927 in
1250 2891 1310 2926 re
1338 2892 1472 2927 mea
1500 2892 1681 2940 opera
1706 2877 1807 2928 tibi
1834 2891 2101 2939 unquam
2129 2875 2255 2927 usui
2278 2877 2379 2927 esse

175 2948 401 3006 poterit.
423 2945 587 2997 Vale.
616 2946 928 2999 Dabantur
956 2963 1027 2999 ex
1051 2949 1201 2999 Arce
1227 2947 1581 2999 Caesareana
1609 2948 1903 3003 Benatica,
1933 2947 2033 2998 ubi
2060 2962 2216 2997 nunc
2245 2962 2379 2997 cum

176 3019 323 3066 meis
345 3015 563 3076 habito,
585 3017 678 3067 die
701 3017 1036 3082 101anuarij
1062 3018 1201 3083 stylo
1223 3026 1508 3069 renovato
1530 3019 1693 3069 Anni
1715 3018 1857 3069 1600.

2091 3442 2158 3507 [E
2180 3445 2376 3494 codice
