2638 3918
285 287 390 339 454

358 424 701 476 CASTALIO‚
760 424 1101 468 Sebastianus
1150 425 1358 482 (Cham-

286 495 407 551 lon),
436 498 591 538 natus
615 496 667 538 in
690 495 957 549 Sapaudia
985 496 1130 539 circa
1157 509 1357 539 annum

291 568 418 618 1515,
440 566 710 620 professor
729 566 1026 609 litterarum
1041 567 1357 611 Graecarum

287 638 521 690 Basileae‚
543 641 716 681 totam
731 638 1059 692 Scripturam
1075 651 1289 682 sacram
1304 639 1357 682 in

286 720 591 752 sermonem
620 709 869 752 Latinum
890 712 941 752 et
963 710 1224 753 Gallicum
1245 723 1356 754 ver-

286 780 360 832 tit,
383 783 625 823 mortuus
650 781 778 825 1563.

359 851 802 896 CHRISTIANUS
818 853 880 904 II,
897 854 1096 896 elector
1108 853 1355 897 Saxoniae

286 924 406 967 inde
422 924 489 967 ab
506 936 647 967 anno
667 923 794 976 1591,
814 936 1039 967 uxorem
1058 925 1205 967 duxit
1220 925 1357 968 Hed-

286 995 479 1050 vigam‚
507 995 674 1038 filiam
701 995 835 1050 regis
861 995 1108 1039 Friderici
1128 996 1191 1048 II,
1219 1008 1358 1040 mor-

285 1070 408 1109 tuus
433 1066 561 1109 1611.

360 1138 804 1182 CHRISTIANUS
852 1138 1065 1182 Ioannis
1107 1138 1355 1193 Ripensis,

288 1210 574 1264 discipulus
600 1210 867 1264 Tychonis
897 1210 1142 1254 1586—90.
1171 1211 1357 1254 Postea

287 1293 506 1336 peregre
534 1281 805 1336 profectus
829 1281 1071 1335 Tychoni
1098 1281 1239 1325 misit
1270 1282 1358 1324 ob-

288 1353 617 1396 servationes
653 1352 1006 1407 deliquiorum
1041 1356 1093 1395 et
1128 1355 1357 1396 cometae

290 1425 413 1467 anni
450 1423 577 1467 1593.
620 1424 848 1467 Hauniae
880 1424 1153 1478 professor
1184 1424 1358 1468 factus

290 1499 369 1539 est
401 1496 575 1549 primo
608 1495 801 1538 artium
834 1496 1356 1547 mathematicarum,

290 1567 479 1611 deinde
492 1567 789 1610 litterarum
806 1567 1134 1610 Graecarum.
1152 1567 1359 1622 Episco-

290 1651 388 1693 pus
408 1638 783 1693 Aalburgensis
803 1641 1046 1681 mortuus
1068 1641 1146 1681 est
1170 1638 1297 1681 1642.

362 1709 806 1752 CHRISTIANUS
854 1710 965 1753 sive
1010 1709 1360 1752 Christiernus

290 1782 393 1824 vid.
417 1782 905 1835 Longomontanus.

362 1852 762 1903 CHYTRAEUS‚
813 1852 987 1895 David
1033 1852 1358 1910 (Kochhaff),

289 1925 583 1979 theologus,
612 1927 768 1967 natus
790 1924 844 1966 in
864 1923 1055 1967 Suevia
1087 1923 1214 1976 1530,
1243 1936 1361 1978 pro-

289 1996 461 2039 fessor
490 1995 774 2050 theologiae
808 1995 1075 2039 Rostoohii
1110 1995 1239 2047 1551,
1280 2007 1361 2039 ec-

291 2067 575 2111 clesiarum
609 2067 1039 2110 Lutheranarum
1076 2069 1276 2110 statum
1308 2067 1360 2109 in

291 2139 502 2182 Austria
528 2138 806 2190 ordinavit,
836 2138 889 2181 in
919 2138 1209 2182 formulam
1239 2150 1361 2182 con-

292 2210 490 2254 cordiae
518 2209 962 2253 conscribendam
989 2222 1213 2264 operam
1239 2221 1362 2253 con-

290 2282 420 2334 tulit,
444 2284 686 2325 mortuus
711 2281 838 2324 1600.
863 2281 935 2323 Cf.
957 2284 1087 2324 tom.
1111 2281 1157 2323 II
1178 2293 1226 2336 p.
1249 2281 1358 2334 453;

290 2357 419 2397 tom.
443 2353 514 2395 III
535 2365 584 2407 p.
605 2352 708 2395 401.

364 2424 763 2475 CHYTRAEUS,
782 2424 1009 2475 Nathan,
1026 2424 1245 2467 Davidis
1260 2424 1361 2467 fra-

291 2500 373 2539 ter
390 2496 565 2539 minor
581 2498 725 2546 natu,
745 2498 850 2538 nat.
875 2494 1003 2546 1543,
1022 2498 1199 2538 rector
1216 2508 1360 2550 gym-

293 2567 426 2610 nasii
440 2566 751 2618 Bremensis,
768 2565 1008 2609 carmina
1023 2566 1252 2610 confecit
1265 2568 1361 2609 La-

291 2639 416 2691 tina,
439 2641 681 2681 mortuus
706 2637 833 2680 1598.

366 2709 668 2761 CLAVIUS,
715 2709 1126 2764 Christophorus
1167 2709 1358 2766 (Klau)‚

293 2786 449 2825 natus
464 2781 773 2836 Bambergae
793 2781 920 2833 1537,
932 2781 959 2832 J
964 2781 1146 2832 esuita,
1162 2781 1361 2835 profes-

294 2866 384 2897 sor
410 2853 602 2897 artium
629 2852 1135 2895 mathematicarum
1160 2853 1358 2904 Romae,

294 2926 428 2969 inter
458 2925 721 2980 principes
753 2924 849 2966 fuit
881 2924 1168 2967 calendarii
1199 2924 1361 2967 refor-

296 2998 493 3049 mandi,
515 2999 758 3040 mortuus
779 2997 962 3038 Romae
987 2995 1113 3038 1612.

367 3069 703 3119 CLINGIUS,
745 3068 1168 3111 Bartholomaeus
1202 3068 1360 3124 (Klin-

296 3142 390 3199 ge)‚
428 3145 583 3184 natus
619 3140 964 3184 Confluent1ae
1004 3140 1131 3191 1535,
1172 3141 1362 3183 doctor

295 3213 647 3267 philosophiae
668 3214 720 3255 et
733 3211 880 3267 juris,
909 3214 1098 3255 auctor
1120 3210 1361 3254 disserta-

295 3284 500 3327 tionum
508 3284 871 3339 juridicarum,
889 3283 1045 3338 per51
1062 3294 1230 3326 annos
1244 3294 1360 3336 pro-

297 3355 467 3398 fessor
478 3355 758 3406 Rostoohii,
773 3355 865 3398 ubi
877 3358 1120 3398 mortuus
1134 3356 1212 3397 est
1231 3353 1357 3396 1610.

768 285 1047 336 INDEX
1073 286 1481 338 VIRORUM
1509 287 2015 340 DOCTORUM

1503 427 1881 470 CORNELIUS
1903 428 2006 471 vid.
2030 428 2273 472 Gemma.

1503 498 1789 541 CRAGIUS
1810 499 1913 541 vid.
1938 500 2095 555 Krag.

1503 569 1806 621 CRAIGUS,
1853 570 2080 614 Ioannes
2120 571 2275 627 (John
2313 572 2496 630 Craig),

1431 643 1586 683 natus
1600 640 1654 683 in
1668 641 1862 692 Scotia,
1884 641 2019 684 inter
2038 642 2182 685 cives
2203 643 2498 687 academiae

1430 711 1920 767 Wittembergensis
1958 716 2203 767 receptus
2241 715 2290 757 d.
2335 715 2382 758 11
2427 727 2497 758 m.

1432 782 1546 826 Oct.
1589 795 1635 827 a.
1678 784 1806 836 1570,
1846 784 2119 838 professor
2157 785 2351 828 artium
2390 797 2499 828 ma-

1429 855 1843 898 thematicarum
1871 858 1922 898 et
1947 855 2141 910 logices
2171 855 2501 899 Francofurti

1432 927 1573 980 apud
1599 926 1875 978 viadrum,
1906 926 1959 969 in
1989 927 2224 970 Scotiam
2254 938 2500 970 reversus

1435 997 1547 1039 1584
1579 997 1901 1041 medicinam
1936 998 2170 1041 exercuit
2204 998 2498 1053 Edinburgi,

1431 1068 1671 1112 medicus
1690 1069 1863 1124 regius
1884 1069 2056 1112 factus
2075 1072 2169 1121 est,
2193 1073 2348 1113 mort.
2369 1069 2497 1113 1620.

1432 1139 1505 1182 Cf.
1527 1143 1656 1183 tom.
1681 1141 1751 1183 IV
1771 1153 1819 1194 p.
1842 1140 1944 1183 516.

1504 1211 1806 1263 CRAIGUS,
1827 1212 2075 1273 Thomas,
2103 1212 2269 1255 frater
2289 1211 2501 1255 Ioannis

1430 1285 1559 1325 natu
1586 1283 1774 1338 major,
1804 1286 1960 1326 natus
1991 1283 2118 1335 1538,
2150 1283 2373 1326 Lutetiae
2398 1286 2501 1326 stu-

1432 1353 1529 1396 diis
1568 1365 1789 1408 operam
1828 1355 1985 1406 dedit,
2033 1354 2222 1398 officiis
2261 1354 2500 1397 civilibus

1432 1425 1644 1468 functus
1665 1428 1759 1477 est,
1781 1428 2025 1468 mortuus
2049 1425 2177 1468 1608.

1504 1497 1785 1548 CRAMER,
1806 1497 2008 1549 Daniel,
2028 1497 2323 1552 theologus,
2345 1500 2500 1540 natus

1436 1567 1564 1619 1568,
1593 1567 2002 1611 archidiaconus
2027 1571 2078 1611 et
2099 1569 2353 1612 sacerdos
2374 1568 2502 1612 Stet-

1431 1639 1541 1691 tini,
1559 1642 1748 1682 auctor
1761 1640 2053 1683 multorum
2067 1639 2341 1691 librorum,
2363 1651 2502 1684 mor-

1433 1713 1554 1753 tuus
1579 1710 1706 1754 1637.

1505 1781 1872 1826 CUNRADUS
1892 1782 2221 1826 ASLACIUS
2249 1782 2393 1839 (Cort
2411 1783 2502 1826 As-

1432 1854 1682 1911 laksson)‚
1704 1854 1976 1909 Bergensis
1997 1866 2025 1897 e
2045 1854 2324 1909 Norvegia,
2346 1856 2501 1899 natus

1438 1925 1566 1977 1564,
1595 1925 1880 1980 discipulus
1899 1925 2165 1980 Tychonis
2193 1925 2499 1977 1590—-1593,

1433 1999 1619 2051 postea
1648 1997 1919 2051 professor
1946 1997 2228 2052 theologiae
2256 1996 2499 2049 Hauniae,

1432 2068 1699 2122 Tychonis
1734 2067 2046 2112 Orationem
2085 2069 2154 2111 de
2190 2065 2502 2122 disciplinis

1432 2139 1843 2183 mathematicis
1882 2140 2043 2182 edidit
2087 2139 2214 2191 1610,
2259 2141 2501 2182 mortuus

1438 2211 1566 2254 1624.

1506 2283 1806 2335 CURTIUS,
1846 2283 2089 2335 Iacobus,
2130 2295 2162 2325 a
2198 2282 2499 2334 Senftenau‚

1433 2354 1885 2408 procancellarius
1918 2354 2145 2409 Imperii,
2179 2356 2335 2397 mort.
2371 2352 2498 2396 1594.

1434 2425 1492 2467 In
1518 2425 1674 2480 hujus
1701 2426 1864 2468 domo
1892 2427 2071 2480 Pragae
2091 2425 2274 2479 Tycho
2300 2424 2502 2468 habita-

1433 2496 1507 2538 vit
1528 2499 1687 2550 atque
1707 2497 1810 2540 illic
1832 2500 2074 2540 mortuus
2095 2499 2187 2540 est.
2212 2496 2286 2540 Cf.
2308 2498 2438 2539 tom.
2455 2495 2501 2538 V

1434 2579 1483 2621 p.
1510 2567 1593 2610 119
1613 2580 1726 2622 sqq.
1750 2571 1801 2611 et
1822 2571 2056 2611 annotat.
2081 2568 2149 2610 ad
2169 2579 2218 2622 p.
2246 2567 2397 2618 12l‚2s.

1507 2639 1878 2682 CYPRIANUS
1898 2639 2002 2682 vid.
2026 2638 2310 2682 Leovitius.

1506 2710 1869 2763 DANZAEUS,
1911 2711 2130 2754 Carolus
2166 2710 2403 2767 (Charles
2435 2710 2501 2752 de

1434 2782 1692 2839 Dancay),
1711 2786 1866 2826 natus
1881 2783 2026 2826 circa
2041 2794 2240 2825 annum
2258 2781 2371 2824 1509
2385 2792 2502 2836 pro-

1433 2865 1500 2907 pe
1534 2854 1819 2897 Limonum
1854 2855 2127 2897 Pictonum
2158 2853 2500 2910 (Aquitanum

1434 2936 1559 2967 eum
1573 2928 1733 2968 vocat
1746 2925 1929 2980 Tycho
1949 2925 2135 2968 tom.V
2149 2937 2197 2979 p.
2219 2924 2388 2980 143‚1⁵)‚
2410 2924 2501 2966 Ar-

1433 2996 1694 3051 gentorati
1712 2997 1895 3040 studiis
1916 3008 2139 3050 operam
2159 2996 2302 3039 dedit
2324 2996 2499 3050 ibique

1434 3067 1500 3110 ab
1523 3068 1750 3111 ecclesia
1771 3069 2009 3111 Romana
2036 3067 2242 3110 defecit.
2273 3068 2500 3121 Legatus

1433 3138 1486 3180 in
1508 3138 1737 3182 Daniam
1763 3139 1955 3182 missus
1980 3150 2147 3192 usque
2175 3139 2243 3180 ad
2269 3141 2499 3181 mortem

1433 3209 1503 3252 ibi
1535 3210 1791 3253 remansit
1821 3209 1988 3266 (1589).
2029 3209 2247 3252 Amicus
2279 3209 2376 3251 fuit
2405 3209 2500 3262 Ty-

1433 3281 1619 3324 chonis
1637 3284 1689 3324 et
1707 3281 2024 3336 Uraniburgi
2043 3281 2499 3323 fundamentalem

1433 3353 1664 3408 lapidem
1684 3352 1873 3407 posuit.
