2678 4022
195 299 455 352 HENR.
484 301 1110 353 ELLENBERGER
1136 301 1258 353 AD
1285 302 1790 356 TYCHONEM
1818 304 1880 357 18
1907 305 2079 357 IAN.
2108 306 2254 358 1598
2335 306 2392 358 21

195 438 270 484 [Ex
295 441 539 486 apographo
564 440 608 476 in
635 440 779 477 codice
806 441 1058 478 Monacensi
1085 441 1189 478 Bibl.
1211 441 1335 478 Univ.
1356 443 1426 479 693
1452 442 1496 479 in
1522 445 1587 484 2⁰;
1615 444 1663 481 cf.
1685 444 1976 490 apographum
1998 444 2042 481 in
2062 444 2243 482 Archivo
2264 445 2394 491 Regni

290 487 458 524 Daniae:
480 487 785 533 Diplomatario
806 488 1077 534 Langebekii]

196 586 856 661 MAGNIFICO
907 588 1047 659 ET
1093 589 2084 666 PRAESTANTISSIMO
2125 592 2389 665 VIRO

294 690 631 743 DOMINO
658 690 1030 744 TYCHONI
1057 691 1347 753 BRAHE,
1375 693 1649 746 NOBILI
1676 695 1928 755 DANQ
1957 695 2295 749 DOMINO

121 792 143 827 5
574 773 673 825 ET
698 774 1041 827 FAUTORI
1068 775 1224 828 SUO
1254 775 2014 831 OBSERVANDISSIMO.

1067 855 1518 900 HAMBURGK.

67 927 173 970 125²
1189 927 1238 970 S.
1260 928 1309 970 P.
1333 928 1395 970 D.

405 1015 449 1076 ἢ,
475 1064 477 1066 ,
530 1024 573 1079 π]
610 1050 612 1067 ,
641 1012 772 1064 UM
793 1027 983 1076 nuper
1003 1027 1075 1064 ex
1096 1013 1266 1065 Italia
1285 1029 1390 1078 per
1409 1020 1723 1079 utramque
1743 1015 2134 1068 Germaniam
2153 1019 2215 1068 in
2236 1017 2393 1081 Ang-

335 1137 349 1150 Ι
367 1132 383 1142 ,
439 1093 523 1143 uf«,
573 1084 611 1153 ’ξι
639 1083 783 1135 liam
802 1084 1092 1144 venissem,
1117 1083 1418 1136 Generose
1443 1091 1498 1136 et
1519 1086 1967 1149 praestantissime
1989 1087 2249 1138 Domine
2269 1087 2393 1138 TY-

318 1159 385 1219 Ἴ(
389 1145 609 1294 ,β”χᾈ
642 1154 834 1214 CHO,
873 1156 1325 1220 accepissemque
1360 1171 1397 1208 a
1432 1157 1694 1220 quodam
1728 1172 1864 1209 meo
1899 1161 2092 1210 amico
2129 1158 2394 1210 Domino

389 1233 478 1302 <j
640 1225 1065 1278 MATTHAEO
1081 1226 1438 1288 ROYDON,
1455 1228 1669 1293 Anglo,
1688 1229 2143 1288 Mathematum,
2164 1237 2229 1281 ut
2246 1229 2395 1281 mihi

369 1295 383 1308 ¹
463 1327 486 1347 ,ι
560 1296 609 1377 3‘]
638 1297 962 1357 videbatur,
970 1297 1345 1358 scientissimo‚
1357 1305 1413 1350 te
1426 1299 1707 1351 exDania
1718 1300 2280 1365 atqueUraniburgo
2291 1307 2394 1352 tuo

243 1409 247 1411 .
377 1409 389 1410 „
449 1363 478 1372 '
535 1375 544 1392 ²
606 1372 609 1403 ³
639 1372 701 1419 in
722 1368 1116 1421 Germaniam
1142 1370 1470 1430 concessisse,
1497 1377 1674 1434 atque
1701 1371 1851 1423 adeo
1879 1387 2015 1423 cum
2039 1371 2188 1423 Lare
2211 1387 2395 1436 prope

192 1393 644 1492 Francosurtum
675 1440 751 1491 ad
783 1439 1065 1492 Moenum
1097 1440 1418 1501 consedisse,
1451 1442 1782 1506 gaudebam
1814 1442 1984 1494 simul
2016 1450 2070 1494 et
2102 1442 2393 1494 dolebam.

101 1527 143 1561 15
194 1509 550 1563 Gaudebam
576 1511 867 1576 equidem,
893 1519 1021 1563 tum
1047 1512 1207 1576 quod
1232 1527 1401 1573 meae,
1429 1528 1612 1576 quam
1632 1513 1892 1578 alioqui
1877 1529 1940 1565 m
1960 1513 2225 1565 Daniam
2245 1514 2320 1565 ad
2339 1520 2395 1565 te

191 1580 554 1646 suscepturus
575 1598 755 1644 eram,
775 1581 1150 1646 profectionis
1171 1584 1591 1648 compendium
1609 1583 1888 1645 facerem;
1908 1591 2035 1637 tum
2056 1587 2234 1636 etiam
2255 1587 2396 1649 quia

190 1651 496 1716 sperabam
522 1660 577 1705 te
604 1654 820 1706 Hassiae
849 1654 1074 1714 nostrae,
1106 1670 1242 1706 eum
1270 1658 1334 1706 in
1362 1658 1635 1719 proximo
1662 1658 1789 1708 eius
1816 1657 1965 1716 esses,
1996 1656 2262 1708 futurum
2291 1656 2394 1708 ali-

192 1724 434 1787 quando
466 1725 842 1789 inquilinum.
876 1725 941 1776 Id
973 1726 1133 1789 quod
1165 1729 1437 1790 quamvis
1470 1734 1673 1791 optare
1704 1730 1918 1788 verius,
1953 1742 2135 1791 quam
2166 1727 2395 1792 sperare

191 1798 500 1859 potuerim,
523 1799 740 1860 quippe
759 1799 860 1860 qui
877 1811 1002 1847 non
1017 1797 1365 1861 ignorabam
1377 1804 1433 1849 te
1449 1798 1666 1850 Daniae
1682 1799 1949 1863 Regnum
1964 1800 2217 1863 patriam
2230 1806 2396 1850 tuam

98 1882 144 1917 20
193 1881 329 1917 cum
343 1866 560 1919 Hassiae
576 1870 676 1919 vix
696 1874 1214 1928 commutaturum,
1235 1867 1626 1921 nihilominus
1647 1885 1766 1933 quo
1786 1869 2016 1922 facilius
2036 1869 2182 1921 illud
2202 1870 2394 1921 crede-

192 1952 334 1997 rem,
364 1937 498 1990 fecit
527 1938 875 1990 Illustrissimi
904 1939 1187 2004 Principis
1217 1939 1587 2002 MAURITIJ
1619 1940 1866 1992 Domini
1894 1943 2012 1992 mei
2041 1940 2394 1992 clementissi-

192 2010 341 2060 mini
357 2011 420 2060 in
433 2012 592 2061 viros
608 2010 926 2074 praeclaros
941 2025 1111 2061 amor
1124 2025 1193 2062 ac
1206 2010 1613 2063 munificentia
1626 2011 1946 2076 lingulariS,
1967 2018 2167 2076 utpote
2186 2018 2240 2063 et
2258 2027 2394 2075 quae

192 2079 295 2132 tibi
318 2095 454 2132 cum
477 2081 878 2133 laudatissimae
901 2084 1208 2133 memoriae
1231 2089 1474 2146 parente
1498 2085 1625 2134 eius
1649 2083 1751 2134 diu
1772 2083 2072 2134 intercessit
2094 2082 2394 2134 familiari-

192 2157 298 2203 tas.
320 2151 616 2204 Dolebam
636 2158 853 2212 tamen,
875 2152 1035 2216 quod
1055 2152 1279 2204 adverfi
1298 2153 1522 2218 aliquid
1536 2156 1599 2205 in
1613 2154 1815 2206 Dania
1833 2153 1938 2206 tibi
1958 2154 2200 2205 evenisse
2221 2153 2394 2205 refer-

98 2238 145 2272 25
193 2228 337 2282 rent,
353 2229 590 2287 tuaeque
605 2224 881 2275 abitionis
893 2239 966 2275 ex
978 2223 1179 2276 Dania
1192 2223 1289 2289 alij
1308 2224 1456 2276 alias
1470 2225 1844 2277 recensebant
1858 2224 2076 2277 causaS.
2093 2224 2395 2289 Siquidem

193 2292 431 2345 fuerunt
450 2294 547 2345 hic
567 2297 630 2346 in
643 2294 876 2360 Anglia‚
898 2297 1000 2359 qui
1019 2295 1122 2347 tibi
1142 2311 1279 2346 cum
1295 2295 1546 2348 PETRO
1566 2296 1955 2348 SEVERINO
1975 2296 2213 2347 Medico
2233 2296 2395 2347 litem

193 2363 349 2416 fuisse
369 2364 561 2417 nescio
583 2381 765 2430 quam
785 2367 1183 2427 asseverarent,
1210 2373 1384 2430 teque
1411 2367 1770 2432 indignitatis
1790 2367 2100 2432 adversarij
2124 2367 2394 2432 puditum

194 2436 314 2496 esse,
337 2443 392 2488 et
411 2437 545 2488 ideo
566 2437 703 2489 inde
724 2437 1019 2489 discessisse.
1042 2437 1158 2502 Alij
1178 2438 1620 2490 CanceUarium
1634 2439 1880 2504 Regium
1893 2438 2139 2490 feudum
2153 2438 2395 2503 aliquod

192 2506 296 2558 tibi
315 2523 352 2559 a
372 2507 794 2561 FRIDERICO
819 2509 871 2560 II
893 2508 1076 2560 felicis
1102 2512 1408 2561 memoriae
1436 2511 1775 2570 concessum,
1802 2510 1903 2562 fibi
1929 2510 2226 2575 arrogasse,
2254 2509 2394 2561 alia-

99 2593 146 2628 30
195 2593 310 2642 que
339 2579 415 2631 ad
443 2579 835 2632 Astronomiae
863 2580 1115 2632 studium
1145 2580 1639 2633 exaedificandum
1669 2581 2047 2640 adminicula,
2081 2581 2155 2633 ab
2186 2581 2395 2632 eodem

194 2649 346 2714 Rege
369 2656 424 2702 et
443 2651 625 2716 Regni
645 2651 988 2703 Proceribus
1013 2651 1116 2703 tibi
1141 2659 1501 2716 nuncupata,
1528 2668 1687 2704 nunc
1710 2652 1866 2704 fuisse
1891 2653 2166 2717 adempta
2186 2653 2394 2704 caussa-

193 2721 423 2773 bantur.
445 2722 581 2774 Hoc
595 2722 963 2774 verisimilius
981 2729 1036 2774 et
1051 2722 1200 2775 mihi
1215 2730 1270 2774 et
1283 2723 1398 2775 illis
1411 2723 1599 2775 visum
1617 2723 1707 2784 est,
1729 2723 1875 2775 illud
1890 2724 1961 2775 de
1975 2724 2205 2775 medico
2218 2723 2394 2787 plane

193 2792 547 2845 incredibile.
580 2793 1053 2858 Quotusquisque
1080 2797 1241 2846 enim
1267 2794 1358 2854 est,
1387 2798 1489 2859 qui
1515 2797 1759 2860 ignorat,
1786 2802 1841 2846 te
1870 2810 1942 2846 ex
1967 2794 2396 2859 praeclarissima

193 2863 464 2928 prosapia
476 2863 695 2916 ibidem
707 2871 1077 2930 prognatum,
1097 2872 1151 2917 et
1164 2865 1408 2918 summae
1424 2867 1583 2930 apud
1598 2867 1814 2931 Regem
1828 2864 2187 2918 auctoritatis
2200 2868 2395 2917 virum

99 2949 145 2983 3⁵
194 2940 316 2986 tam
335 2934 452 2986 levi
470 2935 778 2995 molimine
798 2952 922 2988 non
941 2937 1090 3000 posse
1107 2952 1179 2988 ex
1193 2940 1383 3001 patria
1396 2940 1639 2998 moveri,
1661 2945 1723 2989 ut
1742 2944 1972 2989 taceam
1986 2952 2018 2988 e
2032 2939 2222 3001 patria
2236 2952 2393 2988 emo-

69 3013 182 3056 125v
195 3007 335 3057 veri.
358 3001 379 3073 ΙΙ
399 3006 623 3058 Verum
643 3022 779 3059 cum
793 3010 856 3059 in
869 3007 1148 3072 Angliam
1166 3010 1343 3060 etiam
1361 3008 1622 3061 delatum
1639 3008 1718 3069 fit,
1739 3007 2205 3061 SEVERINUM
2225 3007 2394 3059 illum

195 3076 355 3141 apud
379 3076 540 3128 hunc
562 3078 865 3130 novellum
887 3078 1330 3131 Cancellarium
1354 3080 1609 3132 multum
1628 3079 1843 3138 valere,
1871 3079 2022 3131 adeo
2048 3085 2112 3131 ut
2136 3081 2186 3130 is
2211 3078 2394 3130 ferme

194 3154 350 3199 totus
376 3148 450 3200 ab
477 3147 579 3200 illo
605 3149 947 3213 dependeat,
975 3157 1151 3214 atque
1179 3150 1488 3202 obscurum
1514 3167 1638 3203 non
1663 3151 1742 3210 fit,
1771 3148 2090 3202 Doctorem
2116 3149 2285 3201 illum
2310 3149 2395 3213 (ut

195 3218 476 3282 referunt)
507 3219 735 3272 diutina
763 3223 849 3272 tui
876 3221 1102 3273 invidia
1129 3221 1423 3283 laborasse,
1453 3222 1691 3274 fortassis
1720 3221 1850 3282 hoe,
1882 3222 2041 3285 quod
2066 3236 2170 3285 per
2195 3221 2393 3272 semet-

101 3305 148 3340 40
196 3289 384 3354 ipsum
410 3306 533 3342 non
559 3293 746 3354 potuit
768 3294 996 3355 exequi,
1023 3308 1128 3356 per
1147 3292 1306 3344 hunc
1328 3293 1785 3353 Cancellarium,
1814 3295 1909 3344 cui
1930 3293 2052 3344 Rex
2071 3292 2394 3356 plurimum

195 3360 450 3412 tribuere
471 3362 694 3422 dicitur,
717 3361 987 3414 effectum
1007 3363 1228 3415 dedisse.
2225 3433 2287 3484 H

2291 3448 2392 3492 aec,
