2678 4022
448 299 751 352 TYCHO
778 298 900 350 AD
927 297 1470 350 THADDAEUM
1498 298 1984 351 HAGECIUM
2011 299 2156 350 1598
2335 299 2404 350 59

202 441 364 503 modi
390 441 532 506 quid
557 440 661 493 tibi
686 439 789 505 ipfi
814 442 1189 504 contingeret,
1216 440 1377 492 velut
1404 447 1458 492 et
1484 456 1591 506 ego
1611 443 1748 493 inte
1768 440 1993 505 semper
2012 443 2141 505 pari
2162 438 2403 492 affectus

201 513 329 565 sum
348 515 570 565 anime.
590 511 755 563 Vale.

274 584 426 636 Haec
466 582 908 635 Mathematum
951 582 1195 646 quidam
1239 582 1517 634 Professor
1553 583 2040 648 Wittebergenfis,
2086 583 2171 634 M.
2212 582 2403 634 MEL-

203 654 456 708 CHIOR
476 653 902 706 IOESTELIUS
921 653 1131 718 scripfit
1147 653 1223 705 ad
1242 653 1811 706 CHRISTIANUM
1833 654 2192 706 SEVERINI
2214 653 2403 705 LON-

131 744 152 777 5
203 725 832 786 GOMONTANUM,
852 739 1056 776 meum
1075 730 1252 777 antea
1271 724 1621 784 Studiorum,
1644 728 1745 789 qui
1764 725 1837 776 fic
1857 725 2054 777 habet:

272 797 370 850 De
397 796 803 848 RAYMARI
826 794 1187 863 nuperrime
1216 795 1281 847 in
1313 798 1373 848 te
1404 794 1791 862 impudentia
1823 798 1888 849 et
1918 794 2405 849 debacchatione

196 882 320 935 per
327 866 554 920 librum
569 867 878 934 quendam
884 865 926 934 s
921 881 1069 920 uum
1082 881 1325 929 recenS,
1347 869 1416 919 ut
1425 866 1723 934 intelligo,
1747 866 1979 920 editum
1987 865 2218 933 sparsa,
2239 866 2405 919 idem

200 938 672 992 IOESTELIUS
683 937 888 991 literis
899 937 1036 1005 suis
1058 937 1294 991 ultimis
1314 938 1398 990 ad
1412 953 1514 991 me
1534 936 1720 1002 missis
1738 939 1879 991 haec
1890 937 2235 1005 subiungit:

277 1009 610 1064 »Pervenit
621 1012 768 1063 ante
775 1024 1020 1076 paucos
1035 1008 1171 1062 dies
1185 1010 1268 1061 ad
1276 1023 1508 1062 manus
1520 1024 1701 1062 meas
1710 1009 1962 1062 libellus
1973 1008 2222 1075 quidam
2234 1008 2405 1060 ΚΑΙ-

112 1098 153 1132 ιο
201 1081 435 1144 MARI,
463 1080 529 1133 in
551 1095 672 1148 quo
693 1083 819 1134 toto
837 1095 964 1134 non
986 1083 1114 1133 tam
1126 1077 1451 1147 sophistice
1474 1095 1659 1147 quam
1675 1078 2029 1146 scurriliter
2043 1079 2108 1131 in
2136 1079 2405 1134 Genero-

194 1150 334 1219 sum
348 1151 687 1205 Dominum
711 1151 1182 1205 TYCHONEM
1191 1151 1527 1205 invehitur.
1548 1149 1675 1217 Etsi
1690 1154 1901 1204 autem
1922 1154 2160 1204 certum
2184 1148 2278 1215 est,
2300 1165 2404 1203 ne-

200 1223 435 1277 minem
462 1221 688 1289 sanum
724 1226 836 1276 aut
865 1224 1188 1276 cordatum
1221 1224 1342 1275 hoc
1371 1222 1798 1289 probaturum,
1839 1220 2219 1287 Generosum
2255 1221 2404 1274 item

202 1310 431 1362 equum
458 1309 586 1348 non
615 1309 840 1348 curare
870 1296 1168 1347 latratum
1198 1308 1442 1356 canum,
1475 1297 1686 1347 tamen
1714 1293 1973 1346 minime
2003 1292 2224 1354 dubito,
2258 1292 2405 1359 quin

194 1364 419 1503 §.altem
440 1381 679 1433 coquus
698 1365 955 1419 Domini
980 1364 1402 1419 TYCHONIS
1422 1364 1780 1418 futilitatem
1807 1367 1872 1418 et
1892 1363 2292 1417 virulentiam
2318 1363 2405 1430 ip-

111 1454 154 1489 15
221 1453 323 1490 ius
340 1438 678 1491 retundet«

203 1649 279 1694 [Ex
298 1649 542 1695 apographo
563 1649 607 1685 in
627 1648 808 1686 Archivo
829 1649 959 1695 Regni
981 1649 1148 1685 Daniae:
1172 1649 1478 1695 Diplomatario
1499 1648 1771 1695 Langebekii]

106 1756 153 1798 ιΓ
205 1730 816 1805 GENEROSO
855 1731 995 1803 ET
1026 1731 1515 1804 VIRTUTE
1549 1731 1702 1804 AC
1738 1729 2159 1803 LITERIS
2197 1729 2405 1802 HU-

284 1829 793 1882 MANIORIBUS
821 1828 1321 1881 EXCELLENTl
1346 1829 1534 1882 VIRO
1562 1829 1636 1881 D.
1661 1828 2011 1881 OLIGERo
2040 1828 2322 1880 ROSEN-

353 1909 781 1970 KRANTZIO,
809 1909 1147 1962 DOMINO
1175 1910 1283 1961 DE
1310 1909 1833 1968 ROSENHOLM‚
1863 1907 2253 1960 COGNATO

107 2007 154 2042 20
508 1989 774 2041 AFFINI
800 1989 911 2041 AC
937 1989 1207 2042 AMICO
1235 1989 1392 2042 SUO
1420 1988 1977 2041 INTEGERRIMO
2006 1987 2104 2039 ET

940 2069 1667 2190 DESIDElgAI'J'ISSIMO.

225 2217 248 2277 s
443 2205 510 2275 ‘T'
528 2206 625 2297 3453)
668 2219 825 2273 UAS
846 2220 1263 2272 Rosenholmio
1281 2223 1344 2272 in
1360 2223 1528 2272 initio
1546 2220 1747 2286 Martij
1769 2220 1845 2272 ad
1861 2235 1957 2271 me
1976 2219 2188 2279 dedisti,
2210 2219 2404 2271 Gene-

340 2318 349 2328 r
474 2300 476 2303 ’
501 2300 536 2327 '-·›
611 2294 627 2313 ³
666 2291 792 2343 rose
814 2291 1174 2352 OLIGERE,
1203 2292 1652 2357 Consangvinee
1677 2298 1731 2343 et
1754 2291 1950 2343 affinis
1975 2291 2404 2355 exoptatissime‚

308 2398 313 2418 2
508 2351 562 2410 ‘vt
667 2365 821 2414 circa
849 2363 1009 2414 24111111
1037 2363 1295 2415 eiusdem
1320 2362 1471 2415 redte
1498 2365 1713 2427 accepi,
1743 2362 2010 2426 mihique
2038 2362 2202 2413 fuere
2232 2361 2405 2426 longe

666 2435 1005 2498 gratissimae‚
1033 2434 1108 2485 ad
1135 2450 1391 2498 quarum
1411 2440 1702 2493 contenta,
1730 2433 1832 2485 ubi
1855 2449 2005 2497 opus
2031 2433 2219 2491 fuerit,
2246 2448 2406 2483 nunc

388 2494 634 2592 Δ
666 2502 2405 2641 mUA‹m‡1{‡¹¹¹mffi

201 2645 403 2709 vocas)
430 2645 542 2698 hac
567 2661 692 2698 non
717 2647 992 2708 tranfivit,
1019 2647 1115 2700 fed
1141 2648 1261 2700 alia
1279 2651 1378 2699 via
1398 2647 1771 2699 Rostochium
1792 2647 2121 2706 declinavit,
2149 2647 2250 2698 ubi
2271 2662 2405 2697 cum

109 2736 155 2771 30
203 2715 461 2769 Doctore
482 2716 868 2770 STURTZIO
889 2718 1121 2771 locutus
1141 2720 1387 2784 grandia
1412 2719 1705 2783 pollicitus
1733 2718 1823 2779 est,
1852 2734 1987 2782 quae
2011 2718 2170 2782 apud
2191 2718 2406 2782 Regem

126 2795 154 2837 ἢ·
203 2788 389 2848 suum,
402 2789 731 2852 compofitis
741 2791 1090 2854 potissimum
1103 2790 1354 2842 Sveeicis
1366 2791 1556 2850 rebuS‚
1571 2805 1707 2842 meo
1719 2793 1962 2841 nomine
1975 2788 2204 2840 efficere
2215 2789 2404 2840 vellet.

204 2859 318 2911 Sed
344 2874 451 2924 ego
476 2859 690 2912 talibus
710 2861 965 2913 Politicis
992 2868 1048 2912 et
1072 2861 1269 2926 politis
1287 2862 1479 2913 verbis
1504 2868 1735 2913 tantum
1761 2860 1899 2911 fidei
1920 2860 2191 2919 adhibeo,
2220 2875 2404 2923 quan-

203 2937 330 2982 tum
357 2937 412 2994 et
436 2937 517 2982 tu.
544 2930 638 2982 De
659 2931 1034 2997 Coldingenfi
1054 2939 1351 2984 conventu
1370 2933 1640 2984 nondum
1661 2934 1799 2983 certi
1820 2931 1961 2995 quid
1980 2930 2151 2982 nobis
2172 2930 2403 2982 constat.

205 3001 467 3064 Quidam
492 3001 1052 3068 HamburgenfibuS‚
1084 3004 1327 3067 quidam
1353 3004 1554 3055 Suecis
1583 3002 2032 3066 irrequietandis
2060 3001 2283 3053 bellum
2309 3002 2403 3052 de-

110 3091 156 3125 35
204 3072 477 3124 stinatum
507 3071 664 3124 fuisse
696 3081 1023 3126 autumant.
1064 3075 1267 3126 Exitus
1299 3072 1428 3126 acta
1459 3074 1682 3139 probat.
1723 3073 2182 3124 RANZOVIUS
2217 3072 2406 3123 noster

203 3141 387 3195 vidior
416 3143 655 3207 quidem
683 3146 746 3195 in
773 3144 877 3196 sua
905 3146 1093 3197 caussa
1121 3145 1523 3197 Haderssebiae
1552 3145 1676 3203 fuit,
1706 3145 1884 3208 idque
1913 3147 2039 3195 iure
2069 3147 2295 3195 merito.
2326 3145 2405 3194 At

203 3214 550 3266 sententiam
575 3217 638 3265 in
663 3215 1062 3267 adversarium
1087 3218 1211 3267 una
1237 3232 1373 3268 cum
1399 3216 1813 3280 exsequatione
1835 3215 2096 3266 obtinere
2123 3217 2402 3278 nequivit,

206 3292 336 3337 utut
356 3286 478 3336 Rex
498 3285 823 3337 admodum
842 3286 927 3337 illi
946 3286 1204 3339 infensus
1223 3287 1412 3339 fuerit.
1441 3287 1640 3350 Quam
1667 3289 1925 3351 primum
1952 3288 2112 3337 enim
2134 3288 2199 3345 is,
2228 3289 2328 3349 qui
2349 3285 2403 3336 se

129 3361 156 3403 t
204 3356 518 3420 periclitari
547 3357 975 3415 animadvertit,
1009 3356 1471 3422 [Cancellarium
1498 3358 1731 3417 accessit,
1761 3360 2024 3416 iniurias,
2054 3372 2177 3407 non
2202 3356 2403 3408 saltem

347 3438 392 3472 s·
1949 3426 2403 3490 RANZOVIO]‚
