2638 3970
191 319 254 371 L.
282 317 944 371 BACMEISTERUS
970 318 1092 370 AD
1119 316 1826 384 TYCHONEM19J29
1852 319 2070 372 SEPT.
2092 320 2237 372 1600
2286 321 2390 373 377

114 459 142 502 ’1-
193 457 242 503 [Ε
264 458 408 495 codice
429 457 661 494 Basileensi
681 458 719 493 G
739 458 755 492 1
776 457 838 502 23]

79 564 165 608 τεν
265 541 346 612 N
356 538 926 612 OBILITATE
975 538 1480 624 GENERIS,
1531 539 2035 614 DOCTRIN
2048 543 2124 613 A
2167 541 2318 615 AC

260 636 601 689 VIRTUTE
627 635 1326 689 PRAESTANTISSIMO
1354 636 1558 697 VIRo,
1586 637 1922 690 DOMINO
1948 638 2320 691 TYcHoNl

322 717 611 776 BRAHE,
639 716 977 769 DOMINO
1005 715 1571 768 HAEREDITARIO
1599 717 1686 767 IN
1712 717 2259 779 KNUDSTORFF,

119 815 141 849 5
395 795 905 849 ASTRONOMO
934 795 1692 855 EXCELLENTISSIMO,
1721 797 2057 850 DOMINO
2086 798 2184 850 ET

584 876 853 929 AMICO
881 876 1037 928 SUO
1065 875 1418 928 INPRIMIS
1444 876 1993 930 HONORANDO.

78 1027 158 1069 751
1158 953 1418 1068 ΡΚέῗῗῖΈ·

286 1179 308 1239 ,
431 1128 534 1239 ,ῃ
567 1097 2388 1243 221331313331124.¹³1}issgssfflffi{Xssssssffisseffssffissffissffissi

209 1247 249 1302 ς·
280 1245 326 1308 ,Υῇ
450 1250 541 1308 324<
567 1246 605 1303 g>
651 1241 882 1301 tembri;
920 1243 1145 1305 priores
1178 1240 1271 1292 die
1303 1240 1337 1293 8
1368 1240 1517 1292 mihi
1548 1241 1796 1293 reddidit
1829 1242 1914 1293 M.
1950 1242 2388 1294 CHRISTIER-

200 1303 308 1364 “2⁸
336 1348 342 1354 .
396 1313 464 1378 [κη
499 1314 503 1318 ’
532 1331 541 1341 <
568 1328 609 1389 gg
652 1311 830 1373 NUS,
871 1314 973 1376 qui
1010 1311 1087 1363 ad
1123 1317 1239 1363 tres
1275 1311 1629 1376 septimanas
1666 1311 2020 1377 Witebergae
2057 1313 2388 1373 substiterat,

414 1383 491 1447 *5731
568 1394 616 1445 *3-
650 1383 994 1447 posteriores
1028 1382 1367 1435 tabellarius
1399 1384 1586 1448 Praga
1618 1399 1654 1435 a
1686 1383 1760 1435 D.
1797 1383 2387 1436 GODELMANNO

244 1448 250 1459 ⁸
427 1462 435 1468 ’
539 1487 546 1489 -
575 1450 584 1459 '
651 1454 768 1506 huc
788 1454 1090 1519 ablegatus
1109 1454 1254 1506 heri.
1276 1454 1400 1506 Scis
1420 1461 1621 1507 autem
1639 1454 1780 1520 stylo
1797 1470 1908 1507 nos
1923 1454 2155 1507 Iuliano
2173 1455 2270 1506 hic
2287 1457 2387 1506 uti.

98 1543 139 1577 15
189 1526 473 1590 Utraeque
493 1528 805 1591 negocium
827 1527 1239 1590 pecuniarium
1264 1532 1433 1577 tuum
1459 1526 1608 1577 mihi
1634 1526 2142 1587 commendarunt,
2170 1527 2241 1578 de
2269 1542 2388 1590 quo

189 1603 243 1648 et
264 1596 339 1648 ad
360 1596 603 1649 affinem
622 1612 824 1649 meum
845 1597 962 1648 Dn.
986 1596 1427 1649 Cancellarium
1447 1598 1522 1649 D.
1544 1597 2048 1650 BORDINGUM
2071 1597 2387 1661 scripseraS,

188 1683 367 1732 quem
392 1669 643 1720 Lubecae
669 1676 796 1720 tum
825 1674 1096 1733 agentem
1126 1683 1232 1733 ego
1262 1671 1487 1728 monui,
1518 1675 1582 1720 ut
1611 1671 1924 1734 negocium
1951 1668 2095 1720 istud
2124 1668 2228 1720 suo
2257 1668 2388 1720 loco

187 1746 576 1804 promoveret.
591 1740 768 1791 Venit
787 1742 836 1791 is
857 1746 992 1791 ante
1012 1755 1234 1804 paucos
1255 1740 1378 1791 dies
1396 1740 1632 1792 Lubeca
1647 1740 2024 1793 Gustrovium
2042 1740 2115 1792 ab
2131 1739 2387 1791 Illustriss.

187 1811 454 1874 Principe
476 1811 892 1863 UDALRICO
914 1816 1174 1870 vocatuS,
1202 1810 1507 1875 postquam
1529 1811 1675 1863 Cels.
1698 1814 1824 1863 eius
1844 1814 1907 1862 in
1926 1813 2243 1863 venatione
2262 1818 2389 1863 tum

94 1898 139 1933 20
188 1884 341 1933 circa
356 1881 730 1934 Grabovium
750 1882 1009 1934 existenti
1028 1884 1378 1933 nunciatum
1396 1882 1576 1934 fuisset
1596 1882 1667 1934 de
1689 1882 1852 1934 obitu
1871 1884 2100 1946 nepotis
2121 1898 2194 1934 ex
2213 1881 2388 1933 fratre

188 1953 374 2004 Ducis
403 1952 887 2005 SIGISMUNDI
914 1952 1292 2013 AUGUSTI,
1327 1955 1430 2018 qui
1460 1953 1725 2019 hydrope
1758 1953 2002 2018 alijsque
2034 1952 2254 2005 morbis
2287 1953 2389 2004 diu

188 2021 554 2076 conflic'tatus
580 2024 673 2076 die
700 2025 732 2076 5
760 2024 1049 2088 Septemb.
1078 2025 1314 2076 Ivenaci
1339 2027 1434 2089 pie
1461 2025 1682 2077 decessit
1708 2041 1781 2076 ex
1806 2024 1919 2076 hac
1941 2027 2077 2076 vita.
2105 2025 2307 2075 Funus
2335 2026 2389 2075 ei

187 2094 287 2146 fiet
313 2095 406 2147 die
433 2096 491 2147 10
518 2093 721 2148 octob.
749 2095 998 2155 Suerini‚
1026 2096 1128 2148 ubi
1152 2098 1411 2159 parentis
1437 2096 1604 2148 IOH.
1626 2095 1960 2147 ALBERTI
1988 2102 2042 2146 et
2068 2095 2260 2147 fratris
2280 2095 2387 2147 ΙΟ-

188 2166 505 2218 HANNIS
539 2167 913 2231 aliorumque
947 2182 1020 2218 ex
1052 2182 1124 2218 ea
1156 2166 1317 2219 linea
1348 2166 1758 2219 defunctorum
1791 2182 2039 2231 corpora
2071 2166 2386 2231 quiescunt.

94 2254 139 2288 25
189 2237 412 2289 Eadem
433 2237 734 2290 occafione
756 2238 873 2290 Dn.
896 2237 1304 2290 Cancellarius
1325 2237 1690 2301 Quaestorem
1709 2240 2014 2290 iuniorum
2033 2238 2386 2301 Principum,

189 2311 291 2373 qui
311 2315 366 2360 et
386 2309 572 2360 Ducis
586 2309 972 2362 UDALRICI
992 2312 1114 2361 iam
1129 2309 1397 2373 Quaeftor
1418 2309 1507 2370 est,
1529 2312 1592 2360 in
1612 2309 1754 2361 aula
1772 2312 2000 2373 reperit,
2023 2315 2078 2360 et
2099 2307 2304 2369 effecit,
2325 2314 2389 2359 ut

187 2378 366 2431 hodie
392 2379 541 2431 mihi
565 2395 670 2444 per
694 2380 1020 2432 ministrum
1042 2380 1212 2432 suum
1233 2383 1295 2432 in
1314 2383 1462 2432 meis
1483 2380 1710 2432 aedibus
1730 2381 1835 2432 600
1854 2380 1987 2431 illos
2006 2379 2266 2431 thaleros
2285 2379 2388 2431 tibi

188 2450 413 2502 debitos
426 2454 842 2512 numeraverit,
858 2458 1091 2516 recepta
1104 2451 1338 2516 apocha
1349 2458 1468 2511 tua,
1484 2467 1666 2516 quam
1679 2454 1914 2503 interim
1925 2451 2083 2515 apud
2094 2466 2191 2502 me
2201 2450 2388 2503 serva-

187 2537 408 2573 veram.
430 2522 608 2574 Hanc
629 2538 736 2587 ego
756 2525 1072 2586 pecuniam
1092 2523 1274 2587 usque
1292 2523 1367 2575 ad
1381 2523 1703 2575 adventum
1718 2523 1792 2575 D.
1810 2521 2387 2581 GODELMANNI,

93 2609 139 2643 30
189 2608 368 2657 quem
395 2592 512 2645 huc
539 2594 703 2645 brevi
732 2595 1085 2646 accessurum
1115 2594 1336 2658 tibique
1362 2597 1425 2646 in
1450 2597 1783 2658 receptione
1808 2596 2078 2658 pecuniae
2104 2592 2387 2658 gratifica-

186 2670 386 2716 turum
405 2663 616 2725 scribiS,
637 2680 819 2729 penes
838 2680 935 2716 me
956 2666 1235 2717 retinebo,
1258 2666 1338 2718 Ut
1358 2672 1558 2718 autem
1575 2668 1638 2716 in
1654 2680 1901 2718 auream
1914 2671 2217 2716 monetam
2232 2679 2387 2715 com-

187 2741 428 2796 mutem,
455 2735 926 2800 haudquaquam
951 2735 1080 2788 fieri
1105 2736 1300 2801 potest.
1328 2737 1620 2788 Rarissime
1648 2739 1806 2788 enim
1832 2736 1930 2787 hic
1952 2735 2047 2787 vel
2071 2737 2388 2786 minimum

188 2821 440 2857 aureum
466 2809 778 2868 cernimuS‚
806 2810 971 2859 omni
997 2823 1146 2859 auro
1165 2807 1262 2860 vel
1280 2810 1344 2859 in
1364 2807 1633 2873 Belgium
1651 2808 1747 2859 vel
1771 2810 1835 2859 in
1860 2807 2218 2871 superiorem
2241 2805 2387 2858 Ger-

188 2879 470 2936 maniam,
485 2878 586 2929 ubi
599 2881 811 2930 maiori
826 2881 1023 2942 precio
1038 2894 1220 2943 quam
1233 2878 1329 2931 hic
1345 2879 1621 2940 censetur,
1643 2878 1781 2930 hinc
1795 2878 2087 2930 transsato.
2109 2877 2174 2929 Id
2187 2883 2388 2928 tamen

94 2963 140 2998 35
188 2947 420 3008 faciam,
447 2947 488 2999 fi
513 2955 734 3012 potero,
765 2956 829 3001 ut
852 2949 1112 3001 thaleros
1138 2965 1327 3002 novos
1354 2950 1634 3015 Belgicos,
1666 2965 1922 3014 quorum
1947 2948 2118 3000 multi
2143 2947 2387 2999 summae

188 3019 327 3070 huic
352 3019 649 3080 intersunt,
676 3022 739 3071 in
765 3020 914 3072 alios
934 3020 1292 3085 ImperialeS‚
1319 3024 1405 3073 uti
1424 3027 1654 3080 vocant,
1683 3026 2064 3079 commutem;
2091 3019 2202 3070 hos
2228 3021 2388 3070 enim

188 3091 469 3154 gratiores
488 3090 604 3141 istic
625 3091 728 3142 esse
748 3090 1102 3143 arbitramur
1122 3107 1304 3156 quam
1324 3092 1472 3144 illos,

260 3161 440 3211 Porro
468 3161 628 3224 quod
656 3162 732 3213 ad
759 3165 1266 3214 continuationem
1292 3162 1576 3215 Chronici
1603 3162 1676 3214 D.
1699 3161 2077 3217 CHYTRAEI
2105 3176 2159 3225 p.
2180 3176 2258 3212 m.
2286 3162 2389 3224 qui

187 3231 457 3295 postridie
487 3231 771 3284 Iohannis
800 3233 970 3285 nobis
998 3233 1294 3294 valedixit,
1327 3237 1546 3292 attinet,
1579 3235 1882 3285 neminem
1913 3231 2027 3283 hoc
2057 3232 2297 3296 quidem
2325 3234 2388 3282 in

77 3312 164 3353 75v
189 3302 320 3353 loco
351 3317 484 3353 eam
513 3303 589 3354 ad
618 3319 744 3355 rem
772 3307 958 3368 magis
987 3304 1271 3356 idoneum
1300 3306 1403 3356 esse
1432 3305 1628 3356 iudico
1659 3319 1840 3368 quam
1870 3299 1891 3371 ΙΙ
1921 3303 1995 3355 D.
2019 3302 2386 3356 CHRISTO-

189 3372 540 3425 PHORUM
561 3373 1039 3434 STURTZIUM,
1069 3378 1171 3439 qui
1196 3375 1567 3427 historiarum
1594 3373 1828 3428 lectioni
1847 3377 1910 3426 in
1930 3374 2042 3426 hac
2063 3374 2388 3426 Academia

331 3454 377 3489 48
2172 3459 2389 3509 magna
