2678 4022
435 299 739 351 TYCHO
767 298 888 350 AD
915 297 1458 351 THADDAEUM
1486 299 1970 353 HAGECIUM
1998 300 2143 353 1598
2317 301 2385 353 57

190 439 342 493 didit
357 438 680 507 inscitiam,
709 442 774 492 et
791 438 1011 492 innata
1032 440 1365 493 verborum
1388 440 1724 494 virulentia
1745 456 1820 494 ac
1840 441 2069 494 canina
2090 441 2386 494 calumni-

190 510 339 563 andi
348 511 522 564 rabie
534 507 796 575 vestram
803 510 1000 577 probe
1016 512 1185 563 ultus
1198 508 1316 575 est'
1291 510 1600 574 iniuriam,
1617 515 1803 579 utque
1818 509 2178 577 docftissimus
2189 510 2392 577 noster

193 581 614 643 CASELIUS,
649 584 1004 648 caeteraque
1032 579 1438 646 Professorum
1465 583 1693 635 cohors
1722 581 2052 648 attestatur,
2089 584 2253 650 quod
2276 582 2386 635 im-

182 667 345 719 puro
362 650 478 718 suo
494 650 729 719 scripto
755 652 831 706 de
857 649 1169 706 doc‘torum
1199 652 1476 705 virorum
1503 656 1667 706 coetu
1686 655 1880 720 plane
1899 652 1969 720 se
1995 653 2241 716 exemit,
2269 669 2388 707 nec

117 742 139 775 ⁵
190 723 420 791 dignus
448 721 543 788 est,
574 726 642 776 ut
662 721 928 790 Caesaris
953 722 1226 790 amplius
1253 726 1514 776 vocetur
1535 725 2039 787 Mathematicus,
2067 726 2295 778 nedum
2323 728 2391 778 ut

181 792 267 860 sit.
282 794 521 847 Sednae
532 809 652 862 ego
664 791 900 861 desipio,
913 809 1016 861 qui
1010 793 1285 862 γλαῦκας
1296 796 1379 857 εἰς
1390 793 1658 862 Ἀθήνας.
1670 794 2386 863 Introspiciatis!Bruns-

87 875 139 917 2¹
190 863 503 931 vicensem
538 864 997 918 Cancellarium
1026 867 1255 933 Pragae
1284 863 1467 930 fuisse,
1504 881 1655 919 vere
1685 868 1766 918 ad
1793 862 1812 935 ΙΙ
1847 882 1962 919 vos
1988 868 2260 920 delatum
2291 865 2385 931 est,

197 936 610 1003 URSUMque
639 938 966 1004 exemplar
983 934 1084 1002 sui
1111 935 1322 1003 operis
1349 935 1443 988 illi
1470 935 1752 1001 obtulisse,
1789 953 1909 1004 quo
1932 938 2123 1004 pravi
2148 937 2392 1005 ingenij

179 1006 431 1074 scurrili
440 1005 784 1074 specimine
795 1005 1009 1072 statuit
1019 1009 1124 1060 hic
1131 1005 1565 1074 prot'essionem
1580 1008 1818 1061 ambire
1832 1012 2018 1075 atque
2030 1008 2386 1075 impetrare

97 1097 139 1132 10
190 1078 319 1132 Sed
333 1081 402 1131 ut
415 1077 792 1145 Cancellarij
806 1078 1219 1131 humanitatis
1238 1081 1389 1141 erat,
1413 1078 1686 1131 oblatum
1705 1079 1931 1132 librum
1951 1094 2076 1131 non
2097 1095 2381 1142 renuere,

186 1149 274 1202 ita
286 1147 631 1216 sapientiae,
654 1152 782 1202 tam
800 1149 1114 1216 impurum
1126 1147 1428 1216 scriptum
1442 1151 1635 1216 plane
1650 1149 2004 1217 improbare
2025 1153 2090 1203 et
2106 1150 2384 1213 irridere,

189 1222 352 1287 quod
371 1220 562 1274 etiam
582 1220 662 1273 ab
679 1222 825 1273 Illmo
844 1218 1044 1286 nostro
1069 1219 1187 1287 (uti
1203 1221 1283 1273 ab
1302 1220 1508 1274 aulico
1531 1220 1690 1272 milii
1716 1219 2189 1286 coniunctissimo
2216 1225 2388 1274 certo

189 1289 489 1359 comperi)
507 1290 769 1359 prorsus
795 1294 1156 1345 damnatum
1183 1289 1278 1357 est,
1307 1293 1464 1345 adeo
1485 1294 1554 1344 ut
1570 1291 1709 1345 eius
1733 1292 2079 1360 indignitas
2105 1292 2388 1345 muneris

189 1362 457 1416 alicuius
486 1362 582 1415 illi
610 1364 779 1430 apud
805 1378 925 1416 nos
958 1362 1282 1416 deferendi
1309 1360 1696 1428 Illustrissimo
1728 1363 2171 1430 cogitationem
2197 1365 2390 1430 plane

99 1454 140 1487 15
190 1433 436 1487 ademit.
457 1435 591 1487 Nos
609 1433 782 1487 illius
802 1433 1009 1501 torsa
983 1450 1049 1486 in
1061 1432 1133 1500 se
1154 1435 1279 1488 tela
1297 1435 1603 1496 laetamur,
1630 1431 2012 1501 vestramque
2036 1434 2330 1487 virtutem
2352 1449 2389 1486 a

191 1505 303 1558 tali
325 1504 628 1573 gregario
658 1505 856 1559 milite
886 1502 1197 1568 invictam,
1233 1508 1301 1558 ut
1328 1520 1565 1558 novum
1595 1505 1885 1572 quiddam
1914 1520 2039 1558 non
2068 1508 2387 1567 miramur,

191 1575 309 1643 qui,
325 1574 376 1642 si
393 1590 510 1629 vos
533 1574 706 1641 isthic
725 1591 919 1644 agere
943 1574 1344 1641 intellexisset,
1371 1577 1543 1629 haud
1563 1576 1744 1630 dubie
1767 1579 1835 1629 ut
1849 1576 1915 1628 in
1937 1576 2081 1643 aIiJ's
2102 1576 2390 1629 omnibus

190 1645 499 1713 discessum
534 1662 570 1700 e
604 1647 812 1700 Dania
847 1647 1022 1715 exilij
1053 1647 1328 1701 convitio
1366 1646 1744 1714 calumniose
1775 1645 2222 1714 perstrinxisset.
2264 1648 2394 1700 Sed

188 1717 379 1771 huius
402 1715 655 1783 monstri
678 1718 1031 1772 calumnias
1056 1733 1376 1786 nunquam
1396 1718 1625 1772 melius
1647 1733 1832 1785 quam
1846 1717 2085 1784 silentio
2104 1720 2389 1771 retunde-

94 1808 141 1842 20
191 1789 289 1851 tis,
319 1804 446 1842 non
475 1789 644 1843 enim
674 1789 904 1858 dignus
932 1787 1017 1855 est
1040 1789 1138 1842 ira
1171 1788 1484 1856 Caesaris«
1522 1790 1674 1842 Haec
1702 1790 1817 1850 ille,
1849 1797 1903 1841 et
1933 1790 2126 1854 postea
2155 1794 2217 1841 in
2246 1790 2388 1854 post-

189 1860 407 1925 scriptis
427 1861 775 1925 quibusdam
795 1862 867 1913 de
889 1861 1303 1914 DUNCANO
1319 1861 1699 1913 LIDDELIO
1717 1861 1890 1913 Scoto
1911 1861 2285 1912 Professorem
2304 1861 2388 1912 ist-

189 1931 284 1984 hic
305 1939 530 1997 agente,
551 1948 731 1997 quem
749 1948 914 1984 meas
934 1932 1035 1984 fibi
1054 1932 1286 1997 publice
1307 1933 1588 1997 arrogasse
1610 1932 1998 1998 Hypotheses,
2020 1948 2169 1996 quas
2188 1939 2390 1984 tamen

189 2019 227 2056 a
251 2019 364 2062 me.
392 2019 528 2056 cum
548 2006 611 2055 in
631 2004 833 2056 Dania
851 2003 1029 2056 semel
1048 2010 1225 2068 atque
1245 2006 1458 2055 iterum
1483 2003 1632 2055 mihi
1658 2004 1880 2063 adesset,
1908 2003 2201 2063 didicerat,
2229 2003 2390 2054 fama

189 2075 533 2140 percrebuit,
554 2075 807 2140 ideoque
821 2075 960 2127 scire
975 2074 1243 2135 avebam,
1265 2091 1344 2127 an
1364 2090 1456 2126 res
1476 2077 1558 2127 ita
1576 2074 1631 2126 se
1652 2074 1909 2135 haberet,
1931 2090 2040 2126 nee
2054 2089 2146 2134 ne,
2168 2074 2241 2125 fic
2258 2090 2388 2138 pro-

95 2164 142 2198 25
190 2146 473 2210 loquitur:
507 2145 820 2198 »Maxima
840 2144 1164 2214 diligentia
1186 2143 1473 2212 inquisivi
1490 2146 1565 2198 de
1586 2143 1804 2210 vestris
1828 2142 2148 2213 hypothes
2147 2145 2278 2206 bus
2308 2159 2389 2196 an

190 2216 657 2271 DUNCANUS
680 2231 795 2270 eas
812 2215 926 2283 sibi
948 2219 1292 2285 arrogaret,
1323 2231 1442 2269 nec
1463 2215 1644 2283 potui
1669 2215 2024 2284 intelligere
2051 2231 2135 2268 ex
2157 2215 2254 2284 ijs,
2288 2215 2393 2282 qui

192 2287 463 2355 quotidie
494 2302 637 2341 cum
667 2287 776 2341 illo
807 2285 1273 2354 conversantur,
1308 2301 1451 2340 eum
1483 2302 1804 2353 nunquam
1834 2285 2050 2352 ausum
2079 2285 2247 2351 fuisse
2277 2301 2391 2339 eas

90 2441 148 2483 2
192 2357 671 2497 22532253522?
680 2357 1077 2483 ξζῶἳξιῗὲἓῗί
1095 2359 1259 2483 ἓξὲξ
1268 2357 1818 2495 ῗῗῖῗέξὲῗέξὲῗ
1824 2373 2035 2497 „³1¹0stss
2029 2354 2395 2481 Γῗὲῗέἒῗέι

98 2520 144 2554 30
193 2500 575 2564 adhibeatur,
588 2499 705 2568 sed
720 2500 1053 2568 aliquoties
1073 2500 1229 2553 dixit
1246 2502 1321 2554 de
1333 2498 1450 2567 suo
1469 2503 1882 2554 conterraneo
1900 2499 2224 2561 CRAIGO,
2246 2499 2394 2552 licet

183 2570 409 2639 saltem
427 2572 730 2639 privatim
757 2573 925 2639 apud
937 2570 1090 2638 suos
1109 2571 1476 2634 familiareS,
1506 2586 1689 2638 quem
1702 2569 1885 2637 suum
1907 2574 2093 2624 vocat
2110 2572 2391 2637 Praecep-

193 2646 408 2705 torem,
431 2645 596 2710 quod
609 2658 725 2697 vos
739 2643 1073 2710 aliquando
1084 2640 1399 2710 scripsistis
1421 2644 1706 2710 quaedam
1728 2645 1947 2695 contra
1966 2642 2156 2704 illum,
2178 2641 2243 2693 in
2266 2641 2391 2708 qui-

192 2714 311 2767 bus
328 2713 505 2767 illum
523 2714 904 2781 mancipium
925 2713 1479 2768 ARISTOTELIS
1495 2713 1843 2781 appellatis,
1873 2714 2038 2780 quod
2061 2728 2203 2766 eum
2226 2714 2392 2765 male

192 2785 395 2838 habet.
427 2786 556 2848 Ille,
591 2800 732 2839 cum
764 2783 1075 2853 Rostochij
1097 2784 1400 2852 privatim
1434 2785 1698 2846 doceret,
1731 2782 1966 2849 vestras
1998 2782 2393 2851 Hypotheses

99 2874 145 2909 35
202 2856 638 2924 Tychonianas
658 2856 1014 2923 appellavit,
1041 2871 1160 2909 nec
1177 2870 1295 2923 pro
1307 2854 1444 2922 suis
1464 2855 1825 2917 venditavit,
1857 2870 1958 2921 qui
1952 2853 2130 2920 satis
2150 2852 2235 2919 eft
2250 2867 2392 2907 con-

186 2925 360 3008 scius
392 2941 430 2979 a
460 2927 714 2980 nemine
744 2925 856 2992 esse
888 2927 1297 2995 excogitatas,
1332 2929 1667 2993 antequam
1704 2941 1819 2979 vos
1851 2940 1966 2979 eas
1996 2923 2390 2989 invenissetiS,

195 2997 340 3064 quia
359 2997 425 3049 in
443 2997 651 3051 Dania
674 3013 789 3051 eas
809 3013 847 3051 a
869 2998 1049 3051 vobis
1073 2997 1486 3060 intellexerat,
1515 2997 1618 3050 diu
1645 3000 1981 3063 antequam
2011 2996 2206 3049 URSI
2223 2993 2393 3060 istius

194 3066 545 3134 Ditmarsici
567 3068 869 3137 plagiarij
901 3067 1082 3134 vestri
1110 3070 1609 3122 Fundamentum
1641 3066 2133 3133 Astronomicum
2171 3065 2239 3132 (f
2274 3066 2392 3134 dijS

189 3137 424 3206 placet)
450 3141 817 3207 evulgatum
843 3137 939 3205 est,
969 3139 1074 3192 ubi
1096 3137 1200 3205 iste
1219 3137 1538 3207 perfridtae
1564 3138 1794 3192 frontis
1825 3138 2100 3191 URSUS
2118 3139 2284 3190 hanc
2303 3137 2391 3189 in-

102 3228 149 3263 40
199 3210 573 3273 ventionem,
602 3225 788 3277 quam
817 3213 1025 3264 tamen
1050 3226 1177 3264 non
1195 3210 1355 3277 satis
1380 3225 1608 3277 capere
1636 3209 1896 3271 videtur,
1920 3207 1969 3274 Γ
1968 3208 2030 3260 bi
2054 3208 2391 3261 attribuere

196 3296 322 3334 non
343 3279 660 3348 erubescit,
687 3295 873 3348 quam
887 3283 1114 3348 procul
1130 3282 1313 3334 dubio
1332 3282 1499 3348 apud
1518 3296 1634 3334 vos
1653 3279 1881 3342 habuit,
1912 3294 2053 3332 cum
2074 3282 2221 3332 ante
2239 3281 2391 3331 mul-

199 3355 297 3405 tos
333 3367 537 3406 annos
571 3350 830 3417 Nobiliss.
867 3352 1004 3405 viro
1037 3353 1187 3405 ERI
1186 3351 1288 3407 CO
1322 3351 1640 3406 LANGIO
1667 3349 1973 3417 serviens,
2019 3350 2395 3417 Uraniburgi

339 3435 362 3470 s
2252 3436 2391 3473 cum
