2652 4022
509 297 812 352 TYCHO
839 297 961 351 AD
988 297 1527 351 ANONYMUM
1553 295 1687 364 5115
1714 297 1897 351 MAI.
1926 297 2071 350 1600
2297 297 2389 350 319

191 440 240 485 [E
262 440 405 477 codice
426 439 659 476 Basileensi
679 439 717 475 G
738 439 753 473 1
774 437 836 482 35]

112 560 141 602 ψ
401 525 794 600 TYCHO
837 525 1218 598 BRAHE
1254 525 1416 597 AD
1456 525 2185 599 ANONYMUM.

65 629 170 672 123Γ
657 625 1003 670 ILLUSTRIS
1029 626 1107 668 ET
1133 625 1476 668 GENEROSE
1501 625 1629 677 VIR,
1658 626 1928 669 DOMINE

978 695 1607 740 OBSERVANDISSIME.

340 1026 348 1034 ·
378 1042 393 1057 ,
446 1030 461 1035 -
641 996 894 1060 petendo
921 998 975 1047 ei
1001 998 1254 1046 nimium
1279 994 1552 1046 molestus
1578 994 1796 1054 videar,
1826 994 2063 1059 sperans
2089 996 2386 1047 nihilomi-

241 1062 272 1129 ’ξ
350 1071 402 1122 3‘·
445 1064 464 1089 ²
485 1133 487 1135 η
507 1091 569 1131 ,ς
594 1083 606 1124 .··
641 1083 772 1127 nuS,
806 1066 1089 1118 Illustrem
1117 1066 1347 1117 Domem
1377 1065 1638 1116 Vestram
1668 1065 1960 1130 defiderijs
1989 1069 2136 1118 meis
2165 1067 2388 1119 lubenti

98 1158 139 1191 10
218 1146 289 1176 ἢν
342 1148 347 1154 ’
395 1124 606 1177 stam&
643 1141 846 1190 animo
872 1140 1273 1196 annuituram,
1301 1143 1477 1201 atque
1503 1143 1567 1188 ut
1592 1151 1684 1187 res
1706 1143 1971 1200 optatum
1991 1137 2174 1189 finem
2191 1137 2387 1190 sortia-

186 1219 296 1271 tur,
318 1208 675 1262 effecluram.
689 1209 914 1261 Verum
927 1209 1090 1260 aliud
1105 1208 1247 1272 quid
1260 1208 1478 1266 incidit,
1497 1207 1569 1258 de
1587 1223 1707 1271 quo
1724 1223 1884 1259 nunc
1898 1207 2389 1261 Dominationem

187 1282 448 1334 Vestram
468 1288 802 1333 reverenter
823 1287 878 1332 et
898 1280 1114 1332 obnixe
1134 1279 1462 1345 rogandam
1482 1279 1640 1330 duxi.
1662 1278 1838 1330 Venit
1862 1278 2015 1330 hisce
2040 1279 2245 1331 diebus
2271 1280 2388 1332 huc

188 1370 219 1405 e
241 1353 442 1405 Dania
461 1353 704 1417 quidam
725 1350 1011 1404 Generosi
1022 1350 1358 1403 Stemmatis
1375 1350 1629 1410 IuveniS,
1652 1365 1683 1401 e
1703 1349 2146 1413 splendidissima
2167 1357 2221 1402 et
2241 1354 2386 1403 anti-

187 1425 448 1489 quissima
475 1421 1333 1476 ROSENKRANTZIORUM
1359 1420 1587 1473 familia
1611 1419 1772 1472 isthic
1798 1421 2102 1481 oriunduS,
2133 1421 2387 1473 FRIDE-

98 1514 138 1548 15
188 1495 420 1548 RICUS
446 1497 706 1554 nomine,
733 1496 835 1558 qui
855 1494 1023 1559 Regis
1043 1509 1148 1558 per
1166 1492 1512 1544 sexennium
1534 1491 1950 1544 Cubicularius
1969 1491 2092 1544 fuit.
2120 1492 2175 1543 Is
2194 1493 2387 1544 militi-

187 1582 287 1618 am
301 1566 651 1631 aliquandiu
663 1565 825 1630 sequi
839 1572 894 1617 et
907 1567 970 1616 in
985 1581 1057 1617 ea
1068 1564 1125 1616 se
1141 1579 1411 1616 exercere
1424 1566 1489 1615 in
1502 1566 1773 1615 animum
1786 1564 2033 1622 induxit,
2056 1570 2111 1615 et
2130 1566 2388 1628 primum

187 1637 551 1690 Serenissimo
567 1637 836 1701 Principi‚
854 1635 1177 1688 Archiduci
1189 1635 1456 1695 Austriae‚
1478 1635 1743 1686 Domino
1758 1634 2170 1695 MATTHIAE,
2192 1635 2388 1687 Sacrae

187 1709 477 1761 Caesareae
495 1708 832 1768 MaiestatiS,
854 1707 1102 1759 Domini
1121 1707 1296 1758 nostri
1316 1706 1749 1767 clementissimi‚
1769 1705 1949 1764 fratri,
1971 1706 2389 1771 aliquantisper

186 1783 249 1832 in
268 1780 409 1832 aula
427 1779 603 1844 ipfius
624 1778 994 1831 Celfitudinis
1014 1777 1325 1830 humilime
1345 1777 1620 1829 inservire
1641 1779 1815 1841 cupit,
1836 1784 1900 1828 ut
1918 1777 2207 1840 paulatim
2226 1777 2386 1829 addi-

93 1870 138 1904 20
186 1851 397 1904 scendo
426 1865 623 1902 mores
649 1857 704 1902 et
729 1849 1212 1902 consuetudinem
1241 1863 1448 1901 earum
1476 1851 1786 1913 regionum
1814 1850 1878 1899 in
1905 1848 2060 1900 bello
2088 1848 2386 1913 Ungarico

186 1922 381 1987 postea
409 1925 560 1974 inter
589 1925 884 1986 equitatus
913 1923 1233 1973 exercitum
1261 1919 1461 1971 locum
1490 1926 1851 1984 oportunum
1876 1934 1985 1983 pro
2011 1919 2066 1970 se
2094 1925 2149 1971 et
2173 1919 2275 1971 fibi
2300 1922 2386 1971 in-

185 1993 566 2046 servientibus
593 1992 819 2057 aliquot
845 1992 1138 2056 equitibus
1164 1992 1427 2044 obtinere
1453 1991 1627 2055 possit.
1657 1990 1860 2053 Quare
1886 2005 2023 2042 cum
2048 1988 2234 2042 dictus
2257 1990 2385 2044 RO-

186 2063 796 2118 SENKRANTZIUS
816 2063 964 2115 mihi
983 2078 1109 2115 non
1126 2062 1327 2115 saltem
1342 2061 1857 2126 consanguinitatis
1870 2064 1998 2113 iure
2012 2059 2387 2114 iunctissimus

187 2136 401 2197 existat,
422 2136 517 2188 sed
538 2142 594 2188 et
612 2135 687 2187 ab
708 2137 928 2187 intimis
948 2137 1011 2186 in
1030 2136 1221 2200 patria
1238 2133 1432 2185 nostra
1452 2136 1579 2185 eius
1600 2133 1671 2184 de
1689 2133 1877 2185 caussa
1890 2148 1994 2197 per
2007 2134 2206 2184 literas
2220 2148 2384 2198 roga-

92 2226 138 2260 25
186 2214 279 2260 tus
298 2207 418 2268 fim,
440 2214 519 2267 ut,
542 2214 832 2271 quantum
851 2209 915 2258 in
933 2221 1030 2258 me
1050 2205 1142 2266 est,
1163 2211 1411 2257 conatus
1430 2204 1606 2269 ipfius
1624 2219 1974 2268 promovere
1995 2203 2276 2264 laborem,
2302 2205 2385 2256 id-

186 2281 339 2331 circo
360 2279 436 2331 ad
456 2278 738 2330 Illustrem
758 2276 1226 2330 Generofitatem
1242 2275 1504 2328 Vestram
1524 2275 1798 2340 confugio
1819 2281 1995 2339 atque
2016 2276 2090 2327 ab
2112 2290 2184 2326 ea
2204 2291 2386 2340 quam

187 2349 581 2402 officiofissime
601 2355 754 2413 peto,
775 2355 840 2401 ut
858 2348 944 2400 illi
962 2348 1160 2401 literas
1173 2347 1250 2400 ad
1264 2347 1694 2400 Serenissimum
1707 2346 1956 2414 Austriae
1971 2346 2384 2407 Archiducem,

186 2421 518 2473 Dominum
532 2420 998 2480 MATTHIAM,
1013 2419 1428 2471 intercessorias
1441 2433 1758 2483 procurare
1773 2433 1897 2470 non
1910 2418 2217 2482 degravari
2230 2419 2384 2478 velit,

186 2508 306 2557 quo
327 2507 399 2544 eo
418 2491 648 2544 facilius
668 2498 725 2544 et
742 2494 1071 2556 promptius
1087 2493 1151 2542 in
1166 2493 1292 2542 eius
1307 2489 1681 2542 Celfitudinis
1701 2489 1963 2542 aulicum
1982 2489 2279 2540 servitium
2298 2504 2384 2540 re-

91 2581 137 2616 30
185 2566 299 2628 cipi
320 2570 374 2615 et
394 2563 589 2628 postea
607 2566 671 2614 in
691 2563 958 2628 Ungaria
977 2569 1181 2614 contra
1193 2560 1417 2613 Turcas
1436 2560 1687 2613 militare
1709 2568 1763 2612 et
1783 2561 1948 2612 suam
1968 2560 2268 2612 fortunam
2290 2576 2384 2611 ex-

185 2637 362 2699 periri
376 2641 568 2699 queat,
585 2634 775 2698 ficque
789 2637 1017 2686 virtutis
1032 2634 1256 2685 bellicae
1270 2633 1463 2692 laude,
1479 2632 1554 2684 ad
1571 2648 1751 2696 quam
1765 2632 1992 2683 strenue
2008 2631 2219 2695 aspirat
2235 2631 2386 2695 (utut

186 2706 334 2758 alias
354 2722 478 2758 non
497 2706 699 2758 saltem
718 2721 930 2770 genere
951 2705 1144 2757 clarus
1164 2704 1244 2764 fit,
1264 2703 1359 2755 sed
1381 2707 1518 2755 etin
1538 2703 1719 2754 literis
1732 2703 1882 2755 bene
1896 2702 2172 2762 versatuS,
2193 2702 2383 2754 fimul-

187 2793 301 2841 que
332 2778 576 2837 Latinae,
607 2777 841 2836 Italicae,
874 2776 1124 2829 Gallicae
1152 2783 1206 2827 et
1232 2775 1572 2839 Hispanicae
1600 2774 1836 2839 linguae,
1866 2780 2078 2838 praeter
2106 2773 2382 2825 Teutoni-

187 2863 318 2900 cam
339 2855 394 2899 et
412 2848 811 2908 vernaculam,
832 2847 1073 2912 gnarus)
1095 2849 1358 2898 ornatior
1378 2847 1453 2898 ad
1472 2846 1606 2897 suos
1626 2845 1949 2910 aliquando
1969 2845 2184 2904 redeat,
2206 2850 2262 2896 et
2280 2844 2383 2896 Pa-

91 2937 137 2971 35
186 2922 313 2971 triae
340 2935 412 2970 eo
437 2922 624 2983 magis
651 2922 714 2970 in
738 2918 1030 2982 posterum
1056 2918 1184 2970 usui
1211 2918 1314 2969 esse
1337 2918 1512 2981 possit.
1541 2917 1654 2969 Sed
1675 2919 1816 2981 quia
1837 2916 1908 2967 de
1930 2915 2164 2967 Illustris
2185 2914 2384 2966 Domis

186 2991 276 3041 Vae
291 3005 428 3055 erga
440 3005 537 3042 me
554 2989 828 3054 singulari
847 2989 1276 3048 benevolentia,
1298 3004 1478 3052 quam
1494 2988 1642 3040 alias
1655 2987 1788 3039 satis
1803 2985 2159 3051 perspectam
2173 2986 2383 3046 habe0,

186 3061 337 3113 nihil
365 3061 720 3121 addubitem,
752 3076 885 3111 eam
915 3064 1093 3112 etiam
1121 3060 1234 3112 hac
1263 3063 1326 3111 in
1354 3066 1517 3124 parte
1543 3074 1695 3110 meae
1723 3056 2113 3121 expectationi
2138 3073 2262 3108 non
2288 3057 2382 3108 de-

61 3142 171 3185 123v
186 3132 446 3184 futuram
467 3130 718 3183 confid0.
746 3131 1003 3195 Ideoque
1023 3131 1188 3182 illam
1209 3131 1357 3183 alias
1378 3131 1869 3194 occupatissimam
1890 3124 1910 3196 ΙΙ
1931 3128 2175 3179 ulterius
2195 3143 2382 3179 remo-

186 3206 304 3255 rari
323 3202 537 3255 defin0.
559 3202 725 3253 Deus
741 3202 873 3265 Opt.
890 3202 1055 3254 Max.
1071 3202 1353 3253 Illustrem
1367 3201 1597 3253 Domem
1612 3200 1872 3251 Vestram
1887 3215 2067 3263 quam
2082 3199 2383 3251 diutissime

91 3291 137 3326 40
185 3274 450 3338 sospitem
477 3273 788 3325 conservet.
817 3273 1130 3325 Dabantur
1153 3288 1224 3324 ex
1248 3288 1382 3325 arce
1404 3272 1676 3324 Caesarea
1697 3270 2019 3322 Benaticka
2042 3269 2135 3322 die
2155 3270 2210 3323 15
2231 3270 2379 3335 Maij

185 3346 366 3397 Anno
387 3344 530 3397 1600.

2096 3423 2163 3489 [E
2184 3424 2382 3476 codice
