2652 4022
260 322 352 374 174
793 318 1230 370 EPISTOLAE
1257 317 1927 372 ASTRONOMICAE

261 463 450 515 Musae
463 460 719 526 profecto
730 475 882 512 meae
893 466 948 512 te
960 460 1246 525 supplices
1258 466 1445 520 orant,
1455 460 1771 521 obsecrant,
1781 460 2150 521 obtestantur,
2160 468 2224 514 ut
2236 468 2459 527 quanto

261 537 427 585 citius
448 540 549 584 tuo
570 531 857 584 beneficio
879 531 1129 596 Eclipses
1150 531 1538 583 luminarium
1558 531 1817 585 exactius
1836 532 2137 598 supputari
2156 534 2374 597 possint‚
2401 534 2460 586 id

261 605 419 669 quod
447 619 518 655 ex
544 604 720 655 nudis
746 603 960 655 tabulis
986 602 1150 654 fieret
1177 618 1359 667 quam
1381 603 1849 664 commodissime,
1877 610 2054 668 atque
2074 606 2300 657 interea
2317 610 2459 657 tem-

259 678 417 740 poris
444 674 716 738 exemplo
744 674 1161 739 discipulorum
1186 676 1386 739 magni
1412 674 1570 726 illius
1595 673 2117 727 PYTHAGORAE
2141 678 2351 728 merito
2378 682 2460 728 at-

260 762 374 811 que
398 749 525 797 iure
550 748 789 809 optimo,
816 745 883 798 τὸ
905 745 1081 809 αὐτὸς
1101 740 1121 814 ΙΙ
1142 744 1258 813 ἔφα
1284 747 1527 797 rationis
1553 745 1685 797 loco
1713 745 2119 811 allegaremUS,
2147 747 2335 799 donec
2361 755 2459 812 ap·
2540 766 2562 784 v

259 824 531 883 paratum
560 817 728 868 istum
758 816 1233 869 observationum
1261 823 1438 881 atque
1469 816 2032 869 demonstrationum
2059 823 2299 870 tuarum
2325 834 2460 870 con-

260 904 545 940 cinnareS.

331 959 791 1012 Communicasti
816 962 935 1012 iam
963 959 1128 1019 mihi,
1157 959 1316 1024 quod
1338 975 1472 1012 cum
1496 962 1760 1012 maxima
1785 961 2107 1025 gratiarum
2126 958 2355 1013 actione
2375 975 2461 1013 re-

258 1031 399 1091 fer0,
426 1037 610 1083 totam
633 1033 924 1083 rationem
945 1031 1276 1097 Systematis
1295 1034 1380 1083 tui
1401 1032 1670 1090 Lunaris,
1698 1030 1850 1083 adeo
1876 1038 1940 1083 ut
1965 1037 2178 1096 praeter
2204 1031 2462 1097 epochas

258 1103 591 1155 mediorum
619 1108 893 1155 motuum
922 1109 1098 1167 atque
1127 1102 1409 1154 diurnum
1438 1102 1689 1154 cuiusvis
1717 1103 1982 1154 medium
2007 1109 2237 1155 motum
2263 1103 2461 1168 quoad

259 1175 492 1226 Lunam
506 1176 605 1226 vix
625 1174 850 1239 aliquid
871 1177 934 1226 in
954 1174 1181 1226 refiduo
1198 1174 1300 1226 esse
1314 1174 1598 1226 videatur.
1622 1173 1799 1237 Quod
1814 1173 1855 1225 fi
1867 1174 2217 1226 tantundem
2230 1177 2293 1226 in
2308 1174 2461 1235 Sole,

259 1248 597 1309 aequatione
616 1248 896 1310 temporis
918 1252 1020 1297 etc.
1042 1245 1223 1305 fieret,
1250 1246 1423 1310 posset
1449 1248 1569 1297 iam
1590 1248 1721 1309 quis
1743 1261 1847 1310 per
1869 1244 2387 1310 multiplicationes
2408 1252 2463 1298 et

259 1316 640 1369 resolutiones
660 1317 1090 1382 triangulorum
1110 1316 1325 1381 absque
1346 1316 1559 1369 tabulis
1576 1316 1951 1368 ulterioribus
1966 1316 2260 1368 calculum
2275 1316 2462 1382 Eclip-

259 1388 405 1440 fium
420 1388 735 1440 absolvere.
757 1389 820 1439 Id
835 1395 1145 1453 propterea
1158 1387 1365 1448 refero,
1388 1391 1529 1452 quia
1545 1387 2063 1452 multiplicationes
2077 1394 2132 1439 et
2145 1388 2461 1453 triangulo-

259 1475 392 1511 rum
412 1459 811 1521 resolutioneS‚
834 1475 969 1525 quae
986 1462 1176 1512 vicem
1195 1459 1532 1511 tabularum
1552 1459 1887 1511 mediorum
1906 1465 2180 1511 motuum
2194 1468 2249 1511 et
2263 1474 2461 1524 aequa-

259 1533 490 1582 tionum
509 1531 775 1595 supplere
798 1532 1037 1595 possunt,
1066 1547 1172 1596 ego
1193 1546 1406 1595 parurn
1426 1545 1642 1582 moror.
1671 1530 1846 1582 Soleo
1868 1532 2027 1581 enim
2047 1529 2166 1581 fine
2185 1530 2462 1596 multipli-

260 1605 505 1654 cationis
521 1602 881 1667 ambagibuS‚
897 1602 1075 1654 solius
1090 1603 1405 1655 additionis
1418 1617 1546 1666 ope,
1562 1617 1881 1653 numerum
1893 1616 1966 1653 ex
1976 1601 2463 1667 multiplicatione

259 1674 706 1737 producendum
725 1673 1006 1726 facillimo
1027 1676 1256 1725 tramite
1277 1676 1562 1733 invenire,
1588 1679 1643 1725 et
1666 1672 2037 1725 consimiliter
2055 1672 2174 1725 fine
2196 1675 2361 1725 omni
2381 1673 2462 1725 di-

259 1744 494 1796 vifionis
514 1745 716 1797 labore
734 1751 911 1809 atque
925 1746 1102 1797 taedio
1116 1744 1238 1797 sola
1252 1743 1655 1797 subtractionis
1670 1759 1783 1809 ope
1798 1746 2161 1809 quotientem
2174 1746 2238 1796 in
2253 1747 2463 1809 quovis

259 1831 470 1880 genere
492 1816 716 1876 calculi,
738 1823 860 1868 tam
880 1816 1124 1881 vulgari,
1147 1832 1330 1881 quam
1348 1815 1745 1881 sexagenari0‚
1770 1811 2090 1884 reperi-flre,
2111 1821 2288 1880 atque
2308 1816 2383 1869 ob
2403 1816 2464 1869 id

259 1886 377 1938 fine
412 1886 636 1939 fastidio
669 1894 724 1938 et
754 1890 1035 1951 temporis
1070 1886 1255 1941 tractu
1290 1887 1584 1953 triangula
1613 1902 1885 1952 quaeque,
1923 1887 2020 1939 etfi
2054 1887 2255 1939 radius
2291 1887 2464 1939 instar

259 1958 691 2010 VALENTINI
723 1958 1086 2011 OTHONIS
1118 1958 1181 2011 fit
1211 1961 1526 2020 maximus,
1558 1958 1729 2011 facile
1761 1958 2064 2010 resolvere.
2099 1958 2235 2010 Hoc
2264 1964 2479 2011 autem·

260 2032 502 2081 unicum
523 2032 696 2082 unice
718 2037 949 2095 exopt0,
971 2037 1034 2082 ut
1051 2030 1303 2095 Eclipses
1318 2030 1549 2095 aliquas
1563 2030 1951 2082 luminarium
1965 2029 2214 2082 vetustas
2228 2045 2301 2082 ex
2315 2029 2465 2082 datis

260 2107 314 2153 et
334 2100 561 2165 placitis
580 2105 779 2167 magni
800 2102 958 2154 illius
972 2101 1387 2155 TYCHONIS
1402 2102 1675 2154 BRAHE
1695 2102 2008 2166 supputare
2030 2116 2262 2166 queam.
2286 2100 2464 2166 Quod

259 2172 299 2223 fi
320 2172 443 2224 ulla
463 2175 691 2225 ratione
711 2173 807 2225 vel
832 2173 958 2238 lege
978 2173 1074 2225 vel
1095 2174 1431 2225 conditione
1457 2173 1571 2226 hoc
1597 2173 1786 2238 ipsum
1811 2176 2125 2238 impetrare
2151 2179 2373 2237 potero,
2400 2178 2464 2225 ut

261 2243 511 2308 Eclipses
531 2244 763 2309 aliquas
783 2251 1025 2305 vetereS‚
1047 2260 1196 2309 quas
1216 2245 1290 2297 ab
1311 2245 1444 2311 alijs
1463 2243 1748 2297 hactenus
1768 2260 1877 2296 nec
1898 2243 2336 2296 animadversas
2355 2259 2465 2296 nec

259 2314 597 2379 supputatas
613 2316 834 2381 collegi,
853 2316 1080 2368 calculo
1095 2322 1198 2368 tuo
1213 2315 1559 2369 exactissimo
1573 2316 1716 2381 subij
1723 2332 1870 2376 cere,
1892 2322 1947 2368 et
1967 2315 2042 2367 ad
2056 2322 2111 2367 te
2127 2314 2465 2367 Matheseos

261 2386 844 2439 ARISTARCHUM
871 2387 1096 2439 deferre
1116 2387 1367 2447 valeam,
1395 2403 1498 2452 per
1521 2387 1722 2439 Deum
1740 2387 2038 2439 summum
2060 2387 2192 2452 Opt.
2215 2387 2380 2439 Max.
2400 2389 2465 2438 in

261 2472 502 2509 omnem
523 2465 817 2519 eventum,
839 2458 952 2510 hoc
973 2458 1382 2525 chyrographo
1402 2474 1538 2510 meo
1555 2458 1688 2510 teste
1706 2458 1990 2524 καρτερὸν
2008 2457 2189 2524 ὅρκον
2204 2456 2462 2510 [3ηᾶὶίβί-

261 2544 356 2580 me
377 2531 526 2589 iur0‚
548 2532 773 2581 nemini
793 2545 889 2581 me
910 2545 1179 2594 unquam
1200 2533 1519 2595 quicquam
1537 2530 1608 2581 de
1624 2532 1696 2595 iJ‘s
1711 2531 2304 2589 communicaturum,
2326 2543 2462 2593 quae

261 2599 336 2651 ad
357 2599 694 2653 huiusmodi
714 2601 1008 2653 calculum
1030 2601 1447 2653 instituendum
1471 2603 1866 2665 requiruntur.
1893 2601 2090 2664 Atque
2111 2602 2340 2652 utinam
2360 2599 2463 2652 ali·

263 2686 382 2735 quo
408 2687 620 2736 genere
648 2671 982 2724 officiorum
1007 2671 1362 2724 beneficium
1388 2672 1725 2724 huiusmodi
1751 2675 1813 2724 in
1838 2687 1934 2723 me
1961 2671 2241 2724 collatum
2268 2670 2464 2723 rursus

263 2757 578 2806 exaequare
592 2745 821 2808 possem,
839 2759 947 2808 pro
961 2743 1184 2795 viribus
1198 2751 1350 2796 certe
1364 2747 1579 2809 gratias
1593 2743 1808 2795 referre
1823 2758 2086 2795 conarer.
2107 2742 2222 2795 Sed
2235 2742 2464 2807 ignosce

263 2814 477 2878 quaeso,
498 2814 538 2865 fi
558 2814 814 2880 flagrans
836 2815 1094 2881 defiderij
1119 2815 1310 2876 ardor,
1333 2831 1453 2880 quo
1473 2814 1603 2867 haec
1624 2822 1855 2879 exoptO,
1876 2816 2308 2878 importuniora
2326 2819 2466 2866 vota

261 2884 482 2937 volenti
508 2886 731 2938 nolenti
760 2889 1063 2951 exprimat.
1093 2886 1271 2950 Quod
1291 2886 1332 2938 fi
1353 2886 1679 2950 epidemica
1704 2886 1805 2938 ista
1830 2885 1975 2946 lueS,
2004 2901 2139 2950 quae
2163 2885 2295 2937 loca
2313 2887 2465 2937 inter

261 2972 371 3008 nos
391 2958 740 3010 intermedia
758 2965 812 3010 et
829 2957 1079 3023 hospitia
1092 2958 1410 3022 praesertim
1423 2957 1660 3022 publica
1673 2957 1928 3010 invafisse
1942 2957 2204 3017 traditur,
2225 2971 2349 3011 non
2367 2971 2463 3007 me

262 3027 613 3090 absterreret,
635 3028 751 3168 iffse
767 3030 842 3081 ad
856 3036 911 3081 te
926 3032 1033 3081 iter
1047 3029 1418 3090 instituerem,
1440 3045 1597 3081 anne
1614 3028 1761 3081 forte
1776 3028 1890 3080 hoc
1903 3027 2072 3092 pacto
2086 3029 2209 3080 voti
2222 3042 2464 3092 compos

262 3099 390 3151 fieri
409 3101 637 3163 possem.

333 3171 629 3236 Principes
649 3175 767 3224 mei
788 3172 1218 3231 clementissimi,
1247 3172 1305 3224 id
1332 3174 1492 3223 enim
1511 3172 1650 3223 scire
1672 3171 1976 3231 defideraS,
2002 3170 2198 3235 studijs
2225 3169 2465 3234 quidem

263 3241 415 3294 hisce
433 3258 556 3294 non
574 3243 897 3295 admodum
918 3243 1271 3303 afficiuntur,
1293 3249 1554 3310 attamen
1573 3243 1770 3295 literas
1791 3249 1846 3294 et
1864 3242 2123 3294 literatos
2144 3246 2363 3301 amant,
2384 3242 2465 3292 ita

264 3320 327 3364 ut
346 3313 585 3378 sperem,
607 3331 826 3367 munus
846 3315 992 3367 illud
1011 3321 1197 3376 tuum,
1219 3314 1291 3366 de
1313 3330 1432 3379 quo
1452 3314 1663 3374 scribiS‚
1690 3313 1956 3366 futurum
1975 3312 2090 3365 illis
2110 3313 2214 3364 esse
2234 3317 2464 3377 gratum

264 3391 440 3449 atque
461 3394 781 3450 acceptum,
803 3386 952 3438 mihi
974 3392 1125 3438 certe
1144 3389 1250 3438 erit
1267 3401 1449 3450 quam
1462 3387 1851 3451 gratissimum.
1874 3384 2072 3436 Habet
2085 3383 2464 3505 sere11³1issimus

2236 3467 2465 3517 rmeeps

2515 1119 2557 1154 10

2516 1475 2558 1510 15

2513 2188 2559 2222 25

2512 2459 2541 2503 ›1-

2513 2900 2560 2935 35
