2678 4022
348 273 650 326 TYCHO
677 273 799 325 AD
826 273 1242 325 IOANNEM
1270 274 1738 327 KEPLERUM
1767 275 1786 325 l
1812 274 1990 326 APR.
2019 275 2165 327 1598
2287 276 2356 326 47

85 422 113 464 ῆ-
163 431 282 480 quo
302 415 357 467 se
378 430 591 467 ornare
613 421 667 466 et
685 414 790 466 sua
808 413 1028 479 flagitia
1046 421 1238 479 tegere
1259 418 1476 467 nititur.
1505 415 1682 478 Quod
1703 431 1838 468 cum
1860 416 2228 481 perlegissem,
2252 419 2358 468 mi-

162 493 323 539 ratus
351 486 478 538 sum
505 493 560 538 te
590 501 728 537 eum
755 488 901 537 tanti
929 485 1138 537 facere.
1170 484 1283 537 Se‘d
1313 502 1572 538 errorem
1602 487 1887 546 excusavi,
1918 487 2077 551 quod
2103 503 2227 539 non
2254 488 2358 539 nifi

162 558 369 610 auditu
395 564 450 609 et
474 557 680 621 scripto
706 556 825 616 isto,
853 556 1013 620 quod
1039 556 1517 608 Fundamentum
1536 564 1707 609 vocat
1727 558 2217 619 Astronomicum,
2245 558 2358 610 hoc

162 628 398 681 faceres,
420 628 488 679 In
508 643 627 692 quo
647 626 767 679 fere
787 626 938 679 nihil
956 626 1134 679 habet
1154 628 1313 691 quod
1332 627 1502 679 suum
1523 628 1613 680 est.
1637 628 1857 681 Omnia
1876 632 2071 693 potius
2091 629 2222 694 alijs
2242 629 2358 681 sur-

91 718 113 752 5
163 706 327 764 repta
356 706 411 750 et
438 706 745 763 praerepta,
774 705 948 762 prout
976 697 1167 750 facere
1198 698 1510 750 consuevit.
1545 700 1615 750 Et
1643 699 1904 764 plagium
1933 700 2091 764 quod
2122 716 2228 765 ego
2257 701 2359 765 ipfi

162 773 389 835 imputo
410 772 473 821 in
491 772 639 821 meis
659 769 1114 835 HypothefibuS,
1142 785 1265 821 non
1286 769 1486 821 saltem
1509 786 1669 821 error
1690 772 1912 832 crassuS,
1940 787 2118 835 quem
2137 774 2199 822 in
2221 772 2358 823 deli-

162 844 438 893 neatione
468 841 668 906 Martij
703 841 860 892 orbis
888 840 1187 901 commifit,
1217 840 1314 892 sed
1340 847 1395 892 et
1420 841 1608 893 multa
1637 841 1772 902 alia,
1804 858 1938 906 quae
1967 842 2070 893 suo
2096 849 2358 907 ternpore

161 912 439 977 pandam,
467 915 759 964 evincunt.
788 911 995 976 Estque
1023 914 1350 964 etiamnum
1377 913 1536 976 apud
1556 928 1651 964 me
1671 912 1977 964 fasciculus
2001 914 2242 977 quidam
2264 930 2358 965 eo-

162 999 312 1043 rum,
333 998 468 1047 quae
489 982 730 1047 quando
751 982 955 1034 Nobili
975 983 1211 1035 cuidam
1228 983 1408 1034 Dano
1428 999 1564 1035 meo
1586 983 1751 1035 affini
1770 983 2088 1035 inserviens
2109 1000 2270 1036 anno
2291 986 2359 1037 84

73 1073 115 1108 ιο
163 1070 300 1106 cum
314 1055 525 1106 eodem
533 1054 893 1119 Uraniburgi
907 1054 1127 1113 adesset,
1144 1054 1296 1106 clam
1311 1054 1609 1119 descripfit.
1632 1055 1699 1106 In
1714 1054 1926 1119 quibus
1940 1071 2063 1106 non
2078 1056 2360 1108 dissimilia

164 1129 291 1191 egit.
314 1126 435 1191 Ego
455 1125 592 1177 sane
612 1125 767 1177 hanc
783 1125 1216 1191 Hypothefium
1235 1128 1528 1177 rationem
1547 1129 1668 1177 iam
1687 1126 1860 1191 longe
1881 1133 2057 1178 antea
2074 1130 2359 1192 excogita-

162 1213 308 1257 ram,
323 1212 432 1248 nec
447 1212 581 1248 eam
594 1196 743 1248 libro
759 1197 830 1248 de
844 1197 1095 1249 Cometa
1103 1197 1267 1248 Anni
1282 1197 1350 1249 77
1364 1196 1730 1257 inseruissem,
1746 1197 1851 1249 nifi
1865 1197 2008 1249 tales
2023 1198 2359 1262 PlagiariOS,

164 1269 376 1333 quibus
402 1267 532 1320 haec
558 1268 718 1332 apud
737 1283 833 1319 me
854 1270 1207 1327 innotuerat,
1228 1270 1448 1320 veritus
1467 1267 1702 1319 fuissem.
1732 1268 1933 1332 Quare
1955 1275 2009 1320 et
2029 1269 2142 1320 hoc
2162 1272 2359 1329 miror,

165 1339 324 1404 quod
351 1341 478 1391 eius
502 1354 677 1391 voces
705 1339 1089 1405 Hypothefin,
1121 1354 1258 1391 cum
1284 1346 1339 1390 et
1364 1341 1427 1390 in
1452 1338 1603 1391 libro
1628 1345 1732 1391 tuo
1759 1346 1813 1391 et
1839 1339 2019 1391 literis
2048 1339 2200 1391 hisce
2228 1356 2361 1392 eam

74 1429 115 1463 15
164 1410 312 1462 mihi
345 1410 476 1474 (nec
507 1410 825 1474 immerito)
858 1410 1158 1462 attribuas,
1192 1411 1432 1462 Interim
1465 1413 1643 1462 etiam
1670 1426 1888 1475 magna
1918 1413 2044 1462 eius
2076 1412 2361 1475 praedicas

165 1482 386 1546 Elogia,
407 1484 636 1534 utinam
655 1497 780 1533 non
797 1481 1221 1547 Hyperbolica!
1243 1482 1311 1533 In
1330 1481 1498 1533 titulo
1515 1497 1693 1534 vocas
1715 1497 1852 1533 eum
1871 1481 2362 1534 Mathematicum

165 1553 576 1605 nobilissimum
597 1552 813 1617 (qualis
832 1553 896 1604 fit
913 1552 1391 1614 Mathematicus,
1412 1569 1536 1604 non
1557 1554 1821 1614 dixerim,
1843 1553 2136 1605 Nobilitas
2158 1556 2300 1613 eim,
2323 1554 2363 1604 fi

164 1640 349 1689 genus
368 1622 600 1688 specteS,
623 1624 697 1675 est
712 1639 784 1675 ex
799 1624 1016 1676 rusticis
1031 1624 1398 1685 DithmarES,
1420 1627 1522 1688 qui
1544 1639 1682 1675 eum
1703 1627 1880 1676 etiam
1899 1624 2232 1687 fastidiunt).
2254 1626 2362 1676 Ais

165 1695 376 1747 deinde
391 1695 819 1747 Illustrissimam
835 1698 962 1747 eius
975 1695 1224 1760 gloriam
1237 1695 1425 1759 ipsum
1439 1696 1542 1748 tibi
1556 1702 1764 1747 notum
1778 1695 1975 1755 fecisse,
1998 1712 2117 1760 qua
2130 1695 2362 1747 Mathe-

70 1784 117 1818 20
165 1769 410 1818 maticos
437 1766 616 1818 huius
643 1769 758 1818 aevi
782 1773 1013 1818 tantum
1038 1767 1331 1831 praecedat
1357 1783 1529 1826 unuS‚
1557 1773 1847 1831 quantum
1867 1766 2183 1818 Phoebeius
2208 1766 2363 1818 orbis

165 1841 397 1892 minuta
415 1837 616 1889 fidera.
638 1837 814 1890 Plura
827 1837 1144 1898 addidisseS,
1164 1837 1205 1889 fi
1223 1844 1455 1902 tempus
1468 1838 1657 1890 ferret.
1679 1838 1759 1890 At
1773 1853 1953 1902 quam
1968 1845 2364 1902 competenter

167 1912 345 1961 etiam
358 1909 640 1960 ulteriora
654 1909 909 1970 excusas,
931 1909 1091 1973 quod
1106 1909 1669 1961 Mathematicorum
1682 1925 1805 1960 non
1819 1909 1882 1960 fit
1895 1909 2220 1973 garrulitas
2243 1910 2360 1960 Ne-

165 1980 280 2032 scio
295 1996 375 2032 an
388 1979 504 2032 tale
520 1981 661 2044 quid
674 1987 814 2032 tunc
834 1980 993 2044 apud
1012 1987 1068 2032 te
1088 1983 1258 2032 tacite
1278 1980 1532 2041 senseris,
1553 1983 1726 2045 genio
1746 1980 1819 2031 fic
1838 1980 2190 2045 suggerente.
2211 1981 2361 2031 Prae-

166 2058 327 2103 terea
347 2051 506 2116 quod
528 2066 736 2102 omnes
756 2050 929 2103 Docti
954 2054 1155 2116 magni
1180 2051 1368 2116 ipsum
1393 2051 1626 2112 faciant,
1654 2067 1791 2103 eum
1816 2058 2238 2115 praeceptorem
2263 2067 2362 2115 ap-

71 2140 118 2174 25
166 2122 369 2187 pellaS,
396 2122 745 2188 hypotheses
767 2138 932 2174 meas
951 2122 1037 2174 illi
1056 2123 1278 2175 tribuis,
1307 2123 1376 2174 Et
1394 2123 1634 2175 tandem
1654 2122 1970 2183 concludiS,
1997 2129 2060 2173 ut
2085 2122 2362 2174 sideribus

168 2194 448 2258 (quorum
467 2194 869 2258 permodicam
889 2193 1066 2246 habet
1085 2193 1376 2257 notitiam)
1399 2201 1454 2245 et
1472 2194 1742 2253 scientiae,
1764 2209 1945 2258 quam
1959 2193 2059 2245 fibi
2073 2192 2210 2244 hinc
2226 2193 2362 2245 inde

169 2265 231 2329 (fi
261 2280 380 2329 qua
409 2264 506 2328 est)
537 2265 790 2317 corradit
819 2271 874 2317 et
901 2264 1233 2326 suffuratur,
1262 2271 1549 2329 tanquam
1579 2266 1755 2316 decus
1783 2265 2126 2317 Germaniae
2152 2265 2362 2316 valeat.

166 2335 338 2388 Talia
357 2336 429 2388 de
448 2339 648 2401 ignoto
669 2336 1090 2388 inconsiderate
1110 2336 1368 2400 scripfisse
1388 2336 1625 2388 videris:
1648 2351 1783 2400 quae
1800 2351 1906 2400 ego
1921 2335 2160 2400 quidem
2174 2335 2362 2387 nulla-

165 2414 339 2459 tenus
363 2423 581 2459 moror.
609 2407 736 2459 Imo
762 2407 1004 2459 mallem
1022 2423 1165 2459 vera
1186 2408 1306 2467 esse,
1327 2407 1422 2459 vel
1441 2407 1702 2472 aliquem
1723 2406 2074 2458 eiuscemodi
2100 2407 2242 2466 dari,
2271 2410 2365 2458 cui

72 2495 119 2530 30
166 2485 331 2530 tanta
356 2481 419 2530 in
438 2478 856 2530 Astronomicis
881 2485 937 2530 et
959 2478 1398 2530 Mathematicis
1425 2484 1821 2542 competerent
1846 2478 2066 2543 Elogia.
2095 2478 2216 2542 Ego
2242 2493 2365 2529 non

166 2550 409 2601 ultimus
430 2551 612 2610 essem,
635 2552 736 2614 qui
757 2552 884 2601 eius
905 2550 1223 2602 celebraret
1242 2549 1506 2615 gloriam.
1529 2550 1671 2601 Non
1687 2556 1888 2601 tamen
1904 2549 2077 2614 supra
2090 2549 2363 2601 PTOLE-

168 2621 450 2674 MAEUM
471 2627 573 2673 aut
593 2621 1144 2682 COPERNICUM‚
1172 2621 1432 2685 aliosque
1454 2623 1702 2672 eximios
1721 2623 1896 2681 virm,
1924 2620 2115 2684 qualis
2135 2623 2198 2671 in
2219 2620 2364 2672 Ger-

167 2695 371 2744 mania
391 2691 938 2745 MAESTHLINUS
958 2708 1118 2744 nunc
1138 2692 1229 2753 est,
1252 2692 1536 2752 efferrem,
1557 2692 1663 2743 nifi
1683 2692 1925 2756 dignum
1944 2691 2068 2743 fore
2089 2691 2220 2743 satis
2240 2707 2365 2755 per-

168 2761 422 2828 spectum
448 2763 746 2815 haberem.
775 2763 888 2815 Sed
910 2763 1017 2815 fint
1036 2763 1166 2815 haec
1187 2764 1625 2828 qualiacunque
1644 2763 1842 2823 velint,
1871 2763 1928 2814 id
1950 2763 2223 2826 equidem
2243 2778 2366 2813 non

74 2851 120 2885 35
170 2834 399 2894 arridet,
421 2834 581 2899 quod
600 2841 703 2886 tua
722 2835 795 2886 fic
814 2837 877 2886 in
896 2834 1045 2886 libro
1062 2835 1164 2887 isto
1180 2841 1383 2887 contra
1395 2850 1491 2886 me
1506 2834 1795 2886 maledico
1811 2833 2084 2885 abutatur
2099 2833 2365 2897 Epistola,

169 2911 233 2956 ut
258 2905 371 2956 hac
397 2905 558 2969 quafi
583 2905 638 2957 se
664 2921 930 2971 purgare,
958 2913 1134 2970 atque
1162 2913 1419 2971 quantus
1445 2906 1524 2966 fit,
1553 2920 1852 2970 quamque
1877 2904 2130 2955 multum
2149 2903 2251 2968 ipfi
2271 2906 2365 2955 tri-

168 2975 472 3027 buendum
494 2976 557 3040 (fi
571 2976 702 3041 Dijs
716 2976 926 3041 placet)
947 2978 1197 3041 probare
1211 2977 1365 3037 velit,
1386 2977 1442 3029 se
1462 2977 1650 3041 ipsum
1667 2979 1748 3028 ita
1763 2978 2015 3027 nimium
2032 2975 2365 3026 extollendo

170 3053 226 3098 et
250 3047 472 3098 sibimet
496 3047 785 3111 placendo
811 3055 987 3112 atque
1013 3048 1146 3114 alijs
1170 3051 1340 3100 tacite
1368 3047 1746 3100 detrahendo
1778 3047 1856 3098 At
1882 3048 2167 3110 quoniam
2192 3048 2255 3096 in
2280 3048 2365 3096 iu-

170 3124 407 3170 ventute
438 3133 509 3170 ea
537 3134 641 3183 per
667 3121 1064 3183 ignorantiam
1092 3119 1359 3184 scripfisti,
1393 3134 1501 3170 nec
1530 3118 1676 3170 forte
1707 3117 2063 3170 existimaras
2093 3132 2231 3168 eum
2260 3133 2365 3167 un-

76 3206 122 3240 40
171 3205 354 3253 quam
378 3189 575 3241 literas
602 3189 733 3241 illas
759 3190 1211 3254 publicaturum,
1239 3191 1460 3242 nedum
1486 3196 1550 3241 ut
1576 3192 1645 3255 ijs
1671 3191 1734 3240 in
1760 3188 2014 3241 aliorum
2038 3186 2366 3252 despectum

172 3267 227 3311 et
244 3260 665 3312 contumeliam
681 3276 950 3325 unquam
970 3260 1256 3314 abusurus
1276 3261 1440 3321 foret,
1461 3261 1676 3312 idcirco
1698 3260 1788 3320 est,
1810 3275 1913 3311 cur
1932 3258 2061 3310 haec
2081 3258 2367 3322 placidius

171 3330 373 3383 feram.
403 3331 700 3395 Cuperem
725 3331 1116 3384 nihilominus
1136 3340 1200 3384 ut
1219 3335 1411 3396 primo
1432 3347 1669 3396 quoque
1695 3338 1957 3395 tempore
1978 3330 2136 3451 aput}
2155 3345 2251 3380 me
2272 3330 2365 3380 de-

2083 3416 2111 3451 c
2136 3406 2366 3451 aratum
