2652 4022
299 290 402 341 334
832 286 1269 339 EPISTOLAE
1295 287 1963 341 ASTRONOMICAE

297 430 444 482 mihi
466 429 840 489 demandare,
862 435 988 480 tum
1009 444 1247 493 quoque
1269 445 1340 480 ex
1360 445 1473 490 me,
1495 445 1630 494 quae
1651 433 1713 481 in
1732 430 2053 482 studiorum
2074 446 2344 482 meorum
2363 447 2489 495 pro·

297 504 621 553 motionem
637 506 690 551 et
704 499 941 551 vivendi
956 500 1436 552 commoditatem
1452 500 1580 552 fieri
1595 502 1987 567 benignissime
2009 501 2234 553 dudum
2254 503 2494 562 iusserat,

298 588 376 624 an
402 575 482 623 ita
507 571 894 631 succederent,
922 571 1283 636 cognoscere,
1312 572 1471 636 quod
1498 579 1553 624 et
1577 572 1788 637 saepius
1815 588 1996 636 quam
2022 571 2198 623 semel
2223 588 2327 636 per
2352 575 2494 624 inte-

296 658 427 708 gras
448 642 626 693 horas
646 641 897 693 solitarie
918 644 981 694 in
1002 642 1182 706 Ipsius
1203 642 1522 695 Maiestatis
1543 643 1809 695 conclavi
1830 642 2049 695 saelum
2075 643 2166 703 est,
2195 650 2249 695 et
2275 646 2495 705 omnia,

298 729 432 778 quae
453 712 785 764 humillime
807 713 1129 765 desiderare
1150 720 1433 777 poteram,
1462 714 1889 766 clementissime
1910 714 2058 765 mihi
2079 714 2328 774 indulta;
2356 717 2497 779 quia
2545 733 2567 766 5

296 800 437 836 vero
469 787 693 849 ignom,
727 800 807 836 an
837 784 1017 848 Ipsius
1047 784 1324 836 Maiestas
1356 785 1622 849 pluribus
1651 800 1886 836 mecum
1915 785 2080 849 loqui
2109 791 2163 836 et
2193 788 2497 850 quippiam

296 855 458 908 aliud
479 855 673 907 adhuc
694 854 938 906 ulterius
964 856 1250 908 mandare
1269 856 1424 917 velit,
1451 872 1576 908 non
1601 857 1794 908 audeo
1821 857 1960 908 hinc
1987 856 2292 917 discedere,
2319 856 2496 921 prius-

297 942 477 991 quam
491 926 604 978 hac
618 926 689 978 de
704 942 766 978 re
781 926 913 978 satis
929 933 1118 978 certus
1132 926 1316 979 fuero.
1339 928 1741 979 Interveniunt
1756 928 1955 992 Legati
1969 943 2323 992 magnorum
2337 928 2496 979 Prin-

297 1001 510 1062 cipum,
539 1004 593 1049 et
619 1013 778 1049 nunc
807 997 880 1049 est
906 997 1003 1050 hic
1025 998 1362 1051 Galliarum
1383 999 1551 1064 Regis
1580 999 1703 1063 (qui
1729 1014 1824 1050 me
1852 999 1944 1050 die
1972 998 2216 1050 crastino
2237 999 2313 1050 ad
2332 998 2387 1050 se
2411 1001 2495 1050 in-

295 1068 521 1132 vitavit)
544 1085 679 1120 cum
698 1069 1143 1133 splendidissimo
1165 1073 1462 1130 comitatu,
1492 1077 1545 1121 et
1569 1085 1786 1135 magna
1807 1070 1881 1121 est
1901 1072 2272 1135 negotiorum
2292 1069 2496 1130 moleS,
2551 1087 2594 1121 ιο

297 1141 509 1204 quibus
529 1140 709 1205 Ipsius
724 1140 1001 1192 Maiestas
1016 1141 1091 1193 ad
1106 1143 1226 1193 alia
1247 1148 1423 1205 atque
1444 1141 1578 1201 alia,
1601 1157 1735 1205 quae
1756 1141 2037 1201 incidunt,
2061 1157 2230 1193 curas
2253 1141 2497 1206 dirigere

296 1213 510 1263 necesse
531 1211 768 1271 habeat3
792 1218 1081 1275 quantum
1095 1228 1237 1264 vero
1256 1228 1328 1264 ex
1346 1212 1670 1278 Magnifico
1686 1212 1951 1264 Domino
1968 1211 2497 1264 CORRADUCIO

297 1284 528 1348 Imperij
559 1282 1029 1334 Procancellario
1061 1283 1338 1344 intellexi,
1373 1290 1609 1349 cuperet
1641 1283 1822 1348 Ipsius
1854 1283 2147 1342 MaiestaS,
2181 1291 2244 1334 ut
2275 1282 2498 1335 habita-

295 1357 519 1406 tionem
539 1354 639 1406 fibi
660 1357 1014 1418 propiorem,
1042 1354 1144 1406 ubi
1163 1357 1381 1420 pariter
1400 1355 1584 1407 studia
1609 1370 1744 1406 mea
1772 1354 2007 1418 exsequi
2033 1355 2246 1417 possem
2274 1353 2358 1417 (in
2379 1370 2499 1418 quo

297 1428 474 1476 etiam
495 1441 654 1476 nunc
674 1425 996 1489 laboratur)
1020 1425 1362 1486 obtinerem,
1385 1426 1547 1490 quali
1561 1426 1620 1477 id
1634 1425 1733 1476 fiet
1746 1425 2006 1485 successu,
2028 1424 2176 1476 alias
2196 1426 2496 1489 percipies.
2552 1441 2594 1476 15

297 1497 386 1548 Est
407 1503 461 1548 et
481 1496 643 1548 aliud
664 1497 965 1561 quoddam
986 1500 1302 1562 negotium,
1329 1497 1462 1548 licet
1481 1499 1679 1548 minus
1700 1502 1947 1561 gratum,
1976 1502 2238 1547 attamen
2257 1496 2499 1548 necessa-

296 1571 467 1628 rium,
503 1568 662 1631 quod
691 1583 787 1619 me
816 1568 1154 1619 voluntario
1183 1568 1280 1620 hic
1310 1568 1543 1619 detinet.
1578 1566 1951 1618 Dithmarsus
1982 1569 2140 1618 enim
2170 1566 2267 1618 iste
2296 1566 2501 1618 famosi

295 1639 452 1690 illius
479 1641 541 1690 in
567 1654 663 1690 me
689 1638 877 1703 scripti
902 1639 1138 1690 Author
1166 1639 1457 1691 lethaliter
1484 1637 1793 1699 decumbit,
1823 1640 2037 1701 partim
2065 1638 2284 1690 morbis
2313 1641 2499 1702 gravi-

297 1710 496 1762 oribus
518 1708 829 1770 confedtuS‚
857 1712 1071 1773 partim
1091 1710 1247 1762 male
1269 1711 1339 1762 de
1360 1709 1462 1761 isto
1482 1709 1743 1761 facinore
1765 1709 2044 1768 consciuS,
2071 1715 2125 1760 et
2148 1724 2360 1773 poenas
2378 1724 2499 1761 me-

296 1788 488 1841 tuens;
517 1780 675 1832 hunc
703 1784 823 1832 iam
851 1781 1076 1832 dudum
1102 1784 1165 1832 in
1190 1784 1282 1832 ius
1309 1784 1550 1833 citatum
1572 1781 1645 1832 ob
1668 1787 1893 1832 atroces
1913 1779 2044 1832 illas
2063 1783 2311 1832 iniurias
2332 1786 2386 1832 et
2407 1795 2498 1832 ca·
2548 1797 2594 1832 20

295 1853 570 1913 lumniaS,
593 1867 743 1916 quas
763 1851 923 1911 nosti,
945 1851 1199 1917 legitime
1221 1853 1468 1905 iudicari
1487 1852 1779 1912 volebam,
1800 1851 1895 1903 sed
1916 1851 1990 1903 ob
2011 1851 2225 1915 pestem
2246 1851 2502 1916 dissipata

297 1923 546 1976 Caesaris
572 1923 748 1984 Aula,
779 1926 901 1975 iam
930 1938 1103 1987 paene
1133 1939 1236 1987 per
1265 1927 1557 1988 integrum
1587 1939 1831 1984 annum,
1862 1923 1920 1974 id
1947 1922 2197 1975 antehac
2223 1921 2352 1974 fieri
2378 1938 2502 1974 non

295 1998 504 2060 potuit;
527 2010 707 2059 urgeo
729 1997 927 2059 itaque
948 2010 1107 2046 nunc
1124 1997 1268 2047 iuris
1285 1995 1620 2060 processum,
1643 1994 1924 2058 fiquidem
1939 1992 2090 2046 actio
2105 1993 2168 2045 sit
2180 1993 2502 2057 personalis

297 2073 351 2118 et
374 2066 703 2130 periculum
723 2069 786 2117 in
805 2081 991 2126 mora,
1019 2069 1259 2130 iamque
1285 2069 1595 2131 impetravi
1616 2082 1651 2118 a
1673 2065 1946 2117 Caesarea
1967 2065 2288 2126 Maiestate,
2315 2071 2379 2117 ut
2401 2064 2500 2116 de-

295 2144 573 2203 putentur
594 2153 625 2188 e
648 2137 1010 2202 Consiliarijs
1032 2140 1170 2189 certi
1192 2138 1596 2203 Commissarij‚
1625 2139 1728 2201 qui
1755 2139 1959 2188 omnia
1984 2139 2046 2188 in
2073 2136 2247 2189 causa
2272 2136 2385 2188 hac
2405 2136 2499 2188 de·
2551 2154 2597 2188 25

295 2209 397 2260 bili
431 2208 793 2273 cognoscant,
826 2204 846 2277 ΙΙ
877 2215 1053 2273 atque
1085 2208 1431 2261 sententiam
1464 2208 1830 2261 definitivam
1862 2210 2276 2272 pronuncient;
2311 2207 2503 2271 qualis
2550 2217 2603 2259 lv

296 2280 425 2331 haec
446 2279 643 2332 futura
663 2280 741 2341 fit,
763 2281 1003 2332 tandem
1024 2280 1299 2332 rescisceS.

368 2351 525 2403 Cum
540 2350 693 2402 hisce
708 2354 1014 2415 praeteritis
1030 2351 1235 2403 diebus
1249 2354 1311 2403 in
1325 2351 1485 2403 Aula
1495 2352 1666 2402 Arcis
1679 2350 1841 2402 horis
1856 2351 2338 2403 antemeridianis
2353 2352 2503 2401 inter

299 2422 633 2475 Generosos
655 2429 709 2474 et
730 2422 975 2474 Nobiles
989 2423 1162 2473 Viros
1184 2422 1570 2481 ambularem,
1592 2422 1943 2473 monstratus
1963 2421 2112 2472 mihi
2133 2421 2207 2472 est
2228 2422 2383 2473 Baro
2403 2420 2502 2472 ille

299 2493 687 2546 OCTAVIUS
703 2493 1191 2553 CAURIANUS‚
1208 2494 1281 2545 ad
1298 2509 1477 2558 quem
1492 2494 1790 2545 Dominus
1805 2491 2380 2545 CORRADUCIUS
2394 2507 2501 2556 pro
2551 2510 2598 2544 30

298 2564 971 2617 ROSENKRANTZIO
994 2564 1185 2616 nostro
1205 2564 1514 2629 scripserat,
1538 2580 1739 2628 quare,
1762 2571 1992 2628 captata
2008 2563 2323 2615 commoda
2338 2578 2501 2615 occa-

296 2636 470 2694 sione,
488 2652 624 2687 cum
639 2651 710 2687 eo
726 2636 797 2688 de
813 2635 1505 2696 ROSENKRANTZIO,
1521 2636 1768 2687 ubinam
1781 2636 1907 2686 esset
1921 2634 2093 2699 (nihil
2105 2637 2264 2686 enim
2275 2636 2324 2686 is
2336 2634 2500 2693 mihi,

298 2724 368 2759 ex
388 2723 507 2772 quo
525 2707 664 2759 hinc
682 2707 928 2767 discessit,
949 2706 1182 2771 scripsit)
1205 2713 1259 2758 et
1280 2710 1477 2771 quoin
1491 2706 1635 2759 statu
1650 2722 1741 2758 res
1757 2709 1883 2757 eius
1897 2705 2280 2766 versarentur,
2302 2705 2502 2757 sedulo

297 2779 622 2831 collocutus
648 2778 791 2830 sum.
820 2779 873 2830 Is
899 2794 1038 2830 eum
1060 2778 1488 2830 clementissime
1510 2777 1584 2830 ab
1605 2777 1940 2829 Archiduce
1962 2776 2288 2828 ΜΑΤΗΙΑ
2308 2792 2502 2840 recep-

296 2857 438 2910 tum,
462 2850 621 2914 quod
643 2857 697 2901 et
718 2856 894 2902 antea
911 2865 948 2901 a
966 2849 1231 2901 Domino
1248 2849 1778 2902 CORRADUCIO
1801 2851 2065 2914 cognovi,
2087 2863 2346 2912 moxque
2368 2863 2503 2899 cum
2553 2865 2598 2899 35

298 2921 590 2985 equitibus
607 2921 971 2986 quibusdam,
993 2927 1167 2985 prout
1181 2920 1420 2985 ipsemet
1434 2920 1721 2985 cupiebat,
1739 2923 1802 2971 in
1816 2920 2145 2985 Ungariam
2162 2917 2502 2984 profectum,

296 2993 375 3044 ibi
396 2995 458 3043 in
480 2995 739 3044 exercitu
754 2993 856 3044 esse
873 2991 1122 3044 Caesaris
1143 2992 1317 3043 nostri
1338 2992 1548 3052 aiebat,
1571 2994 1674 3056 qui
1689 2994 1751 3043 in
1767 2991 2064 3043 obfidione
2081 2990 2313 3043 Castelli
2326 2990 2503 3054 Papae

297 3080 455 3115 nunc
483 3070 820 3128 occupatur,
852 3063 953 3115 ubi
979 3063 1278 3115 strenuum
1305 3063 1476 3114 illum
1501 3063 1639 3115 belli
1666 3063 1898 3114 Ducem
1926 3060 2502 3115 SCHWARTZEN-

298 3135 696 3195 BURGIUM‚
718 3150 908 3199 nuper
925 3134 1098 3199 globo
1115 3134 1423 3199 sclopetico
1438 3132 1617 3187 idtum
1632 3134 1952 3186 occubuisse
1967 3133 2385 3193 inaudivimuS‚
2408 3148 2502 3184 eo-

297 3206 430 3257 dem
453 3209 629 3257 etiam
647 3206 995 3258 OCTAVIO
1017 3205 1241 3258 famam
1262 3205 1653 3257 confirmanti.
1676 3205 1756 3258 Ut
1775 3221 1917 3257 vero
1939 3205 2010 3257 de
2031 3203 2205 3255 rebus
2220 3203 2502 3256 ROSEN-
2552 3220 2599 3254 40

298 3277 677 3339 KRANTZIJ
706 3293 776 3328 eo
803 3277 1037 3341 plenius
1065 3276 1390 3337 instruerer,
1418 3276 1737 3341 praesertim
1764 3292 1899 3328 cum
1927 3276 2197 3334 dicerem,
2229 3290 2324 3326 me
2350 3273 2502 3325 hisce

297 3348 501 3398 diebus
531 3351 592 3398 in
623 3349 887 3399 Daniam
921 3348 995 3399 ad
1031 3348 1315 3412 quosdam
1350 3363 1421 3399 ex
1456 3351 1582 3399 eius
1616 3347 2059 3412 consangvineis
2091 3353 2267 3467 atique
2300 3347 2503 3396 amicis

2165 3419 2502 3481 cripturum,
