2652 4022
271 313 372 366 224
804 308 1242 363 EPISTOLAE
1268 310 1938 366 ASTRONOMICAE

271 471 390 520 quo
408 455 719 518 aliquoties
734 469 771 504 a
783 469 879 504 me
895 449 915 521 ΙΙ
932 453 1039 517 (uti
1057 469 1129 505 ex
1146 454 1410 518 Epistolis
1425 471 1461 507 a
1474 461 1528 506 te
1547 457 1732 507 citatis
1748 454 1953 520 liquet)
1973 455 2311 508 admonitus
2330 463 2468 517 erat,
2501 467 2589 511 50v

269 527 504 578 solerter
521 525 864 589 praecavisse,
886 525 1018 576 satis
1035 525 1374 589 probarunt.
1398 526 1610 590 Neque
1629 529 1823 587 etiam,
1845 527 2004 591 quod
2019 527 2313 592 Eclipticae
2329 528 2470 580 obli-

270 599 471 662 quatio
491 598 756 647 maxima
776 596 1020 648 dimidio
1040 596 1311 661 scrupulo
1331 600 1527 649 minor
1541 600 1604 649 in
1619 597 1846 650 calculo
1860 598 2174 650 transmisso
2192 600 2472 664 assumpta

269 669 346 728 fit,
376 683 557 732 quam
584 683 620 718 a
646 667 817 718 nobis
843 667 1272 733 praesuppofita,
1299 676 1422 721 tam
1449 669 1781 720 evidentem
1806 671 1869 720 in
1896 670 2333 722 Eccentricitate
2359 670 2471 723 hac

269 739 716 803 discrepantiam
736 754 942 803 parere
963 741 1167 803 potuit,
1195 739 1355 791 ficuti
1381 738 1642 805 neglecta
1661 743 1941 804 temporis
1962 743 2221 805 aequatio
2243 740 2469 794 insenfi-
2520 759 2542 794 5

268 810 446 863 bilem
458 812 850 862 variationem
859 810 1177 875 suggerere.
1192 810 1618 876 Circumspecte
1630 813 1829 876 itaque
1842 814 2045 864 omnia
2058 811 2164 876 (uti
2173 821 2312 865 tunc
2323 812 2472 865 mihi

268 880 532 944 videbar)
550 884 613 932 in
630 884 745 932 tuis
760 882 1350 934 demonstrationibus
1366 890 1419 935 et
1433 882 1821 947 superstructis
1835 886 2098 935 numeris
2113 884 2470 943 trutinando,

269 960 323 1005 et
343 968 507 1004 meas
529 968 767 1016 quoque
788 956 1062 1014 rationeS,
1085 969 1220 1018 quae
1241 953 1315 1005 ab
1330 953 1720 1019 AEquinoctijs
1737 962 1791 1006 et
1804 954 2115 1006 medietate
2136 956 2192 1015 Ἡ
2213 961 2389 1019 atque
2410 957 2462 1016 Ω

267 1027 330 1076 in
351 1025 788 1076 Eccentricitate
809 1031 986 1089 atque
1007 1027 1274 1090 Apogaeo
1300 1028 1358 1086 Θ
1385 1027 1660 1077 eruendis
1685 1026 1867 1089 paulo
1889 1026 2084 1078 adhuc
2102 1028 2330 1078 maiore
2349 1033 2473 1078 tam

269 1095 621 1160 compendio
649 1111 830 1159 quam
858 1097 1203 1148 certitudine
1228 1097 1570 1161 procedunt,
1602 1098 1799 1149 denuo
1826 1097 1927 1149 sub
1956 1097 2166 1149 calculi
2195 1098 2472 1150 incudem
2525 1114 2567 1149 10

268 1167 621 1227 revocand0,
651 1166 920 1231 nihilque
946 1169 1009 1218 in
1035 1170 1106 1232 ijs
1133 1168 1470 1220 aberratum
1497 1169 1600 1220 esse
1628 1168 2087 1232 comproband0‚
2116 1168 2318 1230 abieci,
2346 1175 2471 1221 tan-

269 1254 450 1303 quam
464 1238 611 1290 mihi
625 1238 728 1302 ipfi
743 1254 866 1289 non
879 1238 1244 1299 satisfacienS,
1259 1239 1415 1291 hanc
1429 1239 1846 1303 aliquantisper
1861 1239 2336 1304 disquifitionem;
2353 1256 2473 1305 qua

268 1317 469 1362 tamen
494 1308 741 1374 peraffls
762 1309 934 1362 sacris
956 1310 1254 1376 Natalitijs
1275 1311 1473 1362 denuo
1495 1313 1558 1362 in
1577 1327 1793 1363 manus
1819 1311 2112 1375 resumpta
2139 1318 2194 1362 et
2219 1318 2342 1363 toto
2368 1319 2471 1363 tuo

268 1381 496 1433 calculo
509 1397 545 1433 a
555 1383 844 1445 principio
856 1381 1037 1446 usque
1049 1383 1111 1433 in
1122 1381 1305 1433 finem
1321 1382 1503 1446 (quod
1514 1389 1692 1434 antea
1702 1385 1855 1434 circa
1870 1389 2132 1434 extrema
2144 1381 2473 1447 neglectum

270 1460 408 1513 erat,
431 1468 503 1504 ex
524 1468 643 1517 quo
666 1460 878 1504 caetera
897 1459 1019 1504 tam
1038 1452 1189 1505 belle
1211 1453 1558 1517 constarent)
1579 1454 1821 1505 tandem
1835 1456 2143 1505 inventum
2159 1453 2249 1514 est,
2272 1456 2334 1505 in
2351 1469 2471 1518 quo
2525 1470 2566 1505 15

268 1524 501 1576 latuerit
524 1524 703 1578 huius
723 1523 1122 1589 discrepantiae
1144 1525 1352 1576 nodus,
1383 1524 1540 1577 Cum
1562 1527 1722 1576 enim
1742 1527 1896 1576 circa
1915 1523 2103 1588 ipsum
2124 1524 2334 1577 calculi
2355 1528 2471 1577 exi-

267 1603 410 1657 tum,
433 1595 674 1660 quando
696 1611 768 1647 ex
788 1596 984 1647 radice
1005 1596 1310 1659 quadrata,
1333 1611 1469 1660 quae
1486 1597 1550 1646 in
1567 1597 1844 1647 omnibus
1863 1597 2046 1647 tribus
2068 1596 2352 1660 exemplis
2371 1596 2473 1648 fibi

268 1667 452 1719 ferme
467 1667 665 1718 fimilis
681 1666 771 1726 est,
794 1674 970 1731 atque
984 1670 1048 1718 in
1061 1682 1380 1718 numerum
1395 1667 1523 1719 3591
1539 1682 1722 1731 quam
1735 1669 2004 1732 proxime
2020 1667 2324 1732 conspirat,
2345 1683 2471 1733 per-

267 1746 512 1790 ventum
539 1738 630 1799 est,
657 1745 721 1790 ut
746 1738 883 1790 inde
910 1739 1363 1791 Eccentricitatis
1391 1741 1688 1803 quantitas
1715 1739 2036 1799 eliceretur,
2067 1739 2471 1803 depraehendi-

267 1825 417 1870 muS,
449 1810 609 1874 quod
637 1825 741 1873 per
769 1812 1061 1861 incuriam
1090 1809 1371 1873 aliquam,
1404 1810 1564 1874 quod
1589 1809 1760 1862 facile
1786 1812 1937 1861 inter
1962 1811 2315 1874 gravissimas
2340 1819 2472 1863 tuas
2522 1826 2569 1861 20

269 1884 685 1945 occupationes
712 1881 860 1932 alias
886 1880 1015 1932 fieri
1037 1883 1241 1945 potuit,
1269 1887 1372 1932 aut
1392 1881 1432 1932 fi
1453 1897 1489 1933 a
1510 1884 1794 1945 quopiam
1815 1881 1935 1933 alio
1955 1881 2085 1933 haec
2105 1881 2473 1947 Pragmateia
2512 1920 2514 1922 ψ

267 1953 522 2004 instituta
548 1952 622 2004 est
650 1952 866 2016 (neque
894 1955 1055 2004 enim
1082 1954 1250 2004 cuius
1275 1952 1338 2003 fit
1363 1952 1646 2016 indicasti)
1673 1968 1959 2005 numerus
1979 1952 2077 2004 ille
2097 1955 2160 2004 in
2179 1952 2473 2005 Tabulam

267 2023 500 2076 finuum
525 2024 876 2076 intromissus
895 2026 1285 2088 quantitatem
1310 2024 1764 2076 Eccentricitatis
1790 2039 2101 2089 perperam
2125 2024 2472 2086 monstrarit,

267 2096 521 2160 ideoque
549 2095 694 2147 iusto
725 2098 1035 2155 minorem,
1069 2111 1206 2147 cum
1237 2095 1754 2160 proportionaliter
1782 2096 2001 2157 saltem,
2034 2103 2208 2160 prout
2240 2096 2310 2148 60
2340 2096 2472 2148 loco

267 2170 444 2219 totius
464 2167 610 2232 radij
636 2169 1054 2232 acciperentur,
1083 2167 1347 2219 eruenda
1366 2166 1530 2228 foret,
1558 2167 1750 2231 ficque
1772 2168 1981 2219 eadem
2002 2183 2184 2231 quam
2203 2170 2472 2231 proxime
2522 2183 2567 2218 2⁵

267 2254 502 2290 mecum
527 2238 781 2302 prodibit
806 2239 1260 2290 Eccentricitatis
1287 2239 1720 2299 determinatim
1749 2254 1885 2303 quae
1913 2241 2090 2291 etiam
2115 2241 2179 2290 in
2203 2238 2473 2303 pauculis

267 2310 550 2374 scrupulis
585 2309 868 2370 secundiS,
907 2309 1131 2361 nullius
1165 2325 1317 2374 pene
1353 2313 1657 2371 momenti,
1692 2310 1947 2362 nostram
1983 2310 2225 2362 excedat
2259 2313 2471 2375 potius,

269 2397 451 2445 quam
481 2382 640 2445 quod
669 2381 702 2432 6
730 2383 974 2432 minutis
1004 2380 1078 2432 ab
1109 2396 1180 2432 ea
1209 2380 1457 2433 deficiat.
1489 2382 1616 2433 Imo
1646 2381 1686 2433 fi
1717 2381 2151 2433 observationes
2179 2383 2243 2433 in
2271 2381 2407 2434 Sole
2436 2397 2473 2434 a

267 2452 438 2504 nobis
462 2453 643 2504 Anno
670 2452 797 2504 1583
825 2452 1129 2517 diligenter
1154 2451 1440 2504 factitatas
1466 2456 1528 2504 in
1555 2452 1860 2504 confilium
1887 2452 2349 2514 adhibuerimus,
2377 2467 2471 2505 ea-

269 2524 404 2576 dem
434 2539 569 2575 cum
597 2522 912 2575 transmissa
943 2522 1316 2588 inquisitione
1345 2523 1598 2588 prodibit
1627 2524 2052 2575 EccentricitaS.
2087 2524 2248 2576 Nam
2278 2530 2332 2575 et
2360 2539 2471 2576 nos
2521 2538 2568 2574 30

270 2594 522 2647 eandem
551 2602 689 2646 tunc
719 2595 1134 2646 adinvenimus
1165 2602 1310 2658 part.
1341 2595 1498 2656 3592,
1533 2595 1803 2659 qualium
1835 2595 2035 2646 radius
2069 2594 2143 2646 est
2172 2595 2286 2647 five
2315 2595 2472 2648 finus

268 2673 423 2718 totus
450 2666 665 2725 100000,
692 2665 807 2717 five
833 2673 978 2730 part.
1000 2666 1034 2717 2
1053 2682 1130 2717 m.
1153 2667 1231 2726 θὲ,
1260 2666 1529 2730 qualium
1555 2667 1713 2718 idem
1733 2666 1818 2726 60,
1846 2668 2112 2730 Apogaeo
2135 2669 2472 2719 etiamtunc

268 2740 330 2789 in
350 2745 494 2802 part.
517 2738 581 2792 53³-
605 2739 664 2798 {9
689 2737 958 2801 repofito;
981 2745 1035 2789 et
1057 2737 1266 2789 eodem
1286 2753 1390 2801 per
1408 2737 1776 2801 septennium
1790 2737 1971 2802 usque
1986 2740 2049 2788 in
2063 2739 2309 2790 Annum
2326 2738 2470 2800 1590,
2521 2740 2550 2783 ἢ·

270 2811 371 2873 qui
396 2809 627 2861 medius
654 2808 728 2860 est
753 2811 932 2860 trium
959 2824 1031 2860 ex
1057 2812 1188 2870 tuiS‚
1215 2824 1319 2872 per
1346 2809 1709 2861 additionem
1728 2810 1761 2861 9
1781 2812 2164 2869 minutorum,
2192 2816 2366 2874 prout
2385 2825 2471 2861 re-

269 2883 445 2944 quirit
473 2881 723 2945 Apogaei
752 2883 1001 2932 mutatio
1028 2896 1064 2932 a
1090 2879 1551 2932 PTOLEMAEO
1582 2881 1838 2945 eousque
1868 2878 2020 2932 fadta
2051 2880 2215 2943 (nam
2244 2896 2380 2945 quae
2408 2883 2472 2932 in
2486 2894 2568 2938 ·1·³⁵

268 2952 417 3003 libro
444 2952 624 3004 modo
650 2952 808 3003 misso
831 2954 1080 3017 Apogaei
1106 2958 1344 3003 notatur
1369 2953 1675 3016 progressio
1703 2953 2010 3016 aliquanto
2036 2952 2257 3004 tardior
2280 2952 2371 3013 est,
2399 2967 2471 3004 eo

270 3023 428 3087 quod
450 3038 523 3074 ex
543 3022 947 3075 observatione
969 3023 1603 3075 REGIOMONTANI
1625 3030 1760 3075 ante
1781 3023 1874 3075 100
1893 3024 2105 3074 Annos
2125 3022 2277 3076 facta
2298 3039 2470 3088 pecu-

268 3094 400 3146 liari
416 3094 653 3146 confilio
667 3094 868 3146 saltem
884 3095 1146 3146 derivata
1161 3093 1241 3155 fit,
1263 3097 1348 3145 uti
1363 3101 1418 3146 et
1432 3095 1596 3146 Anni
1612 3098 1908 3159 quantitas
1922 3093 2066 3146 iusto
2081 3095 2262 3159 paulo
2276 3097 2473 3146 minor

269 3166 563 3230 assumpta‚
591 3182 700 3217 nec
719 3173 921 3217 tamen
940 3169 1004 3217 in
1023 3165 1279 3229 utrisque
1300 3165 1392 3217 his
1412 3173 1576 3218 tanta
1597 3166 1671 3217 est
1691 3166 2092 3230 discrepantia,
2120 3173 2183 3217 ut
2209 3165 2317 3218 sert
2338 3165 2470 3218 CO-

269 3237 582 3289 PERNICI
609 3236 1001 3300 ratiocinatio)
1023 3239 1086 3288 in
1107 3236 1227 3301 ipso
1248 3236 1518 3301 scrupulo
1541 3237 1723 3303 (quod
1742 3240 1961 3289 mirum
1983 3236 2078 3300 est)
2102 3252 2237 3288 cum
2258 3237 2469 3289 Landt-
2519 3251 2566 3287 40

269 3311 552 3372 graviano
567 3309 730 3360 Anni
745 3309 873 3361 1590
887 3310 1154 3373 Apogaeo
1169 3308 1551 3360 consentiens
1573 3309 1653 3361 Ut
1666 3325 1808 3361 vero
1829 3310 2156 3374 promptius
2171 3316 2226 3360 et
2238 3308 2472 3373 plenius

269 3382 572 3444 percipiaS‚
601 3395 720 3443 qua
745 3380 1026 3431 methodo
1054 3386 1108 3431 et
1135 3380 1347 3444 quibus
1368 3380 1713 3432 dedomenis
1732 3396 1842 3432 nos
1864 3387 1919 3432 et
1938 3381 2272 3444 Apogaeum
2293 3386 2347 3431 et
2367 3380 2469 3431 Ec-

2054 3453 2470 3503 centricitatem
