2678 4022
171 298 368 352 RUD.
398 296 1031 352 CORRADUCIUS
1058 296 1179 350 AD
1206 296 1711 352 TYCHONEM
1738 300 1812 352 27
1839 298 2012 351 IAN.
2041 296 2186 352 1599
2278 299 2369 352 137

170 449 305 507 pote
335 444 438 506 qui
465 441 578 494 hac
606 440 925 501 occasione,
955 447 1011 492 te
1039 446 1270 492 tantum
1299 457 1367 493 ac
1396 441 1575 493 talem
1601 444 1796 493 virum
1823 448 1877 493 et
1903 448 2115 506 praeter
2143 444 2372 506 generis

171 512 553 572 nobilitatem,
580 514 745 563 omni
764 514 1047 563 virtutum
1071 517 1126 562 et
1148 511 1451 563 literarum
1471 527 1682 576 genere
1704 520 2058 565 exornatum
2078 519 2254 577 atque
2276 528 2371 564 ex-

171 584 395 636 cultum
421 599 622 635 coram
646 583 846 634 videre
871 582 1098 646 tuisque
1125 581 1448 635 doctissimis
1473 583 1837 636 sermonibus
1868 584 2227 648 quandoque
2257 583 2373 635 frui

170 661 392 720 potero.
419 654 566 706 Vale
593 669 776 718 quam
801 656 1021 718 optime
1049 660 1104 705 et
1131 654 1448 714 diutissime,
1475 654 1580 705 Vir
1607 655 1981 716 Nobilissime,
2013 670 2372 719 omnemque

99 742 122 777 5
171 726 385 779 adhibe
418 726 795 790 diligentiam,
831 732 895 776 ut
929 723 1100 776 nobis
1132 724 1325 777 salvus
1357 731 1534 789 atque
1570 726 1884 777 incolumis
1919 726 2036 778 huc
2072 726 2372 779 advenias,

171 797 346 849 Datae
371 797 574 862 Pragae
602 797 695 848 die
721 796 806 848 27.
835 796 1093 861 Ianuarij
1123 797 1305 847 Anno
1332 796 1476 856 1599,
1508 812 1686 860 quem
1715 798 1818 849 tibi
1849 813 1984 849 cum
2014 797 2213 849 multis
2243 797 2374 863 alijs

170 868 550 920 felicissimum
570 883 607 919 a
627 868 760 919 Deo
780 874 866 919 ter
887 867 1128 932 Optimo
1150 867 1423 919 Maximo
1443 882 1665 931 precor.

243 939 450 991 Illustri
468 946 645 1004 atque
667 938 881 991 Clariss.
904 938 978 990 D.
994 938 1059 991 T.
1081 939 1452 991 deditissimus

1319 1010 1742 1063 RUDOLPHUS
1771 1011 2230 1071 CORADUCIUs,

81 1098 124 1133 10
1557 1097 1744 1133 manu
1763 1085 2018 1146 propria.

173 1258 248 1303 [Ex
269 1258 513 1304 apographo
534 1257 578 1293 in
600 1256 843 1303 Hardewigi
863 1258 1054 1293 Dasselii
1072 1258 1321 1293 Poematum
1342 1258 1463 1294 libris
1482 1258 1547 1293 IV
1564 1258 1741 1300 (Bremae
1765 1257 1888 1302 1603)]

53 1370 141 1413 275
176 1345 962 1420 HARDEWIGUS
995 1348 1072 1418 A
1108 1344 1599 1418 DASSELL
1641 1346 1696 1419 Ι.
1729 1346 1821 1419 C.
1846 1345 2373 1420 TYCHONI

271 1450 604 1502 BRAHEN
632 1449 818 1502 VIRO
846 1449 1219 1502 NOBILISS.
1248 1449 1523 1512 EQUITI
1550 1449 1649 1501 ET
1674 1449 2276 1502 MATHEMATICO

974 1532 1574 1586 EXCELLENTISS.

83 1621 125 1656 15
1206 1613 1255 1656 S.
1282 1614 1344 1656 D.

199 1739 201 1741 ,
413 1686 471 1754 ‘f
487 1686 495 1724 ῗ
513 1700 603 1777 »(3)
643 1686 1278 1751 UOTIESCUNQUE
1298 1688 1374 1740 ad
1393 1687 1602 1739 statum
1627 1687 2003 1751 praesentium
2026 1694 2376 1752 temporum,

308 1760 318 1767 ”
367 1772 371 1775 Α
398 1784 400 1786 v
448 1779 508 1807 ff-rz
584 1775 599 1810 ,²
644 1761 745 1823 qui
766 1758 841 1810 est
860 1758 1233 1820 miserrimuS‚
1262 1759 1620 1811 Nobilissime
1645 1766 1700 1810 et
1723 1758 2033 1823 magnifice
2055 1762 2161 1818 vir,
2189 1762 2377 1811 amice

480 1830 503 1854 ‘
643 1829 904 1891 colende,
927 1830 1132 1882 oculos
1149 1833 1538 1894 animumque
1557 1837 1835 1882 converto
1858 1830 2159 1894 (converto
2178 1837 2379 1882 autem

213 1940 222 1963 2
314 1952 317 1954 ,
485 1962 495 1966 Ν
643 1917 851 1953 01111103
871 1901 992 1953 fere
1013 1901 1136 1953 dies
1157 1897 1178 1969 ΙΙ
1199 1900 1531 1965 11οᾶ1010110)
1555 1903 1725 1953 toties
1747 1901 1895 1953 mihi
1917 1904 1981 1952 in
2002 1908 2261 1953 mentem
2281 1917 2377 1953 ve-

248 1998 254 2014 -,
275 2034 285 2038 ..
307 1972 317 1976 ·’
341 1986 443 2040 ;,
470 1963 605 2063 >g
643 1975 744 2033 nit,
767 1973 926 2037 quod
947 1973 1127 2024 Poeta
1145 1973 1238 2024 his
1257 1972 1514 2025 verfibus
1536 1975 1713 2025 canit:

490 2054 598 2072 Ὢ
956 2054 1063 2108 Sic
1084 2054 1294 2108 omnia
1313 2054 1465 2108 fatis

423 2127 495 2178 In
509 2126 699 2193 peius
717 2141 920 2188 ruere,
944 2129 1008 2179 et
1024 2129 1195 2179 retro
1206 2124 1498 2193 sublapsa
1517 2125 1762 2188 referri,

424 2198 565 2250 Non
587 2197 785 2259 aliter,
809 2212 995 2264 quam
1018 2197 1126 2264 qui
1143 2196 1405 2264 adverso
1427 2197 1537 2250 vix
1553 2196 1811 2250 flumine
1830 2197 2103 2250 lembum

424 2267 736 2336 Remigiis
746 2267 995 2336 subigit,
1012 2267 1062 2334 si
1077 2268 1337 2322 brachia
1356 2268 1520 2322 forte
1540 2266 1782 2334 remisit,

80 2358 126 2392 25
423 2339 632 2406 Atque
650 2339 827 2392 illum
846 2339 912 2392 in
926 2354 1224 2407 praeceps
1238 2354 1442 2407 prono
1460 2339 1628 2407 rapit
1646 2341 1871 2393 alveus
1891 2339 2079 2392 amni.

174 2435 387 2499 Neque
406 2436 566 2486 enim
584 2434 708 2486 ulla
725 2450 993 2500 unquam
1012 2437 1250 2487 extitere
1268 2442 1538 2500 tempora
1548 2435 1701 2487 hisce
1717 2435 1920 2487 nostris
1935 2435 2379 2496 turbulentiora‚

175 2506 389 2570 quibus
410 2509 615 2558 omnia
633 2506 842 2558 mundi
862 2522 1044 2572 regna
1062 2507 1169 2573 τὴν
1189 2506 1438 2574 ἐσχάτην
1459 2510 1680 2560 πτῶσιν
1700 2510 2062 2566 minitantur,
2084 2509 2147 2558 in
2168 2507 2380 2571 quibus

174 2583 338 2629 tanta
364 2577 628 2641 undique
655 2584 895 2642 tamque
923 2577 1160 2630 effrenis
1185 2594 1423 2630 morum
1451 2578 1797 2642 corruptela,
1830 2585 1914 2630 tot
1941 2584 1996 2630 et
2020 2584 2200 2630 tantae
2226 2594 2379 2629 mor-

174 2648 384 2700 talium
409 2651 473 2700 in
499 2648 723 2700 diversa
745 2648 931 2701 studia
950 2652 1395 2710 commotioneS‚
1423 2656 1506 2701 tot
1531 2656 1830 2714 tantaeque
1857 2665 2057 2701 rerum
2082 2649 2380 2714 perturba-

82 2737 128 2771 30
175 2722 383 2780 tioneS‚
405 2720 619 2784 quibus
640 2727 931 2785 oportune
953 2721 1378 2785 componendis
1398 2736 1555 2772 unus
1574 2721 1730 2772 solus
1751 2727 1853 2773 aut
1870 2727 2189 2785 occupatus
2208 2719 2383 2771 fuerit

176 2797 279 2842 aut
306 2790 610 2852 suffecerit,
639 2794 703 2843 in
735 2792 948 2856 quibus
977 2792 1148 2843 fimul
1176 2792 1379 2857 religio
1410 2799 1464 2844 et
1490 2808 1666 2844 verus
1696 2792 1811 2843 Dei
1841 2791 2030 2844 cultus
2059 2792 2171 2844 τινὶ
2202 2790 2381 2859 μηδὲν

178 2861 480 2914 ποιεῖσθαι
499 2862 936 2930 προτιμότερον,
961 2870 1016 2915 et
1035 2863 1272 2928 publica
1292 2870 1347 2915 et
1366 2866 1597 2927 privata
1616 2866 1697 2915 ita
1717 2864 1980 2927 undique
2000 2865 2064 2913 in
2083 2862 2380 2914 turbulen-

176 2936 321 2985 tiam
349 2933 669 2985 convoluta
697 2936 1001 2986 iacuerint.
1033 2934 1418 2998 Quamquam
1449 2937 1609 2986 enim
1638 2932 1925 2986 retroadta
1954 2940 2221 2998 tempora
2248 2933 2381 2985 suas

177 3003 372 3056 secum
398 3004 689 3056 molestias
716 3005 999 3069 quasdam
1026 3012 1081 3057 et
1106 3006 1469 3058 turbationes
1494 3005 1719 3070 semper
1739 3005 2051 3064 attulerint,
2080 3019 2188 3055 nec
2214 3004 2382 3055 bellis

83 3092 129 3127 35
179 3075 447 3127 civilibus
473 3090 549 3126 ne
576 3075 816 3139 quidem
842 3077 1197 3128 atrocissimis
1222 3079 1286 3128 in
1311 3083 1433 3131 toto
1460 3079 1770 3137 caruerint,
1797 3083 1998 3127 tamen
2019 3076 2090 3127 (10
2110 3074 2224 3126 hoc
2245 3091 2381 3127 con-

178 3146 280 3198 stat
293 3147 652 3210 apertissime,
671 3146 838 3198 nulla
851 3163 1120 3212 unquam
1136 3148 1419 3200 eiusmodi
1433 3147 1606 3208 fuisse,
1624 3148 1836 3212 quibus
1851 3147 1980 3198 haec
1996 3149 2201 3198 omnia
2214 3146 2382 3198 fimul

178 3217 356 3278 mala,
376 3224 665 3281 tanquam
678 3233 802 3269 uno
818 3218 973 3270 edita
985 3226 1175 3283 partu,
1196 3221 1319 3270 una
1334 3219 1516 3271 effusa
1528 3219 1748 3283 phiala,
1771 3217 2177 3278 confluxerint,
2196 3224 2261 3269 ut
2274 3233 2382 3269 nec

178 3291 473 3340 immerito
492 3288 615 3340 sola
634 3304 757 3353 prae
779 3292 1004 3341 caeteris
1025 3291 1300 3342 omnibus
1321 3289 1600 3343 anteactis
1618 3289 1822 3341 seculis
1839 3289 2063 3340 summe
2079 3289 2382 3353 deplorata

180 3367 235 3411 et
262 3359 600 3411 calamitosa
625 3359 738 3411 dici
765 3367 1000 3424 queant.
1029 3360 1183 3424 Quae
1209 3364 1367 3413 enim
1394 3361 1557 3413 fuere
1586 3361 1761 3424 (dicat
1780 3360 1927 3411 mihi
1948 3359 2252 3424 quispiam,
2281 3362 2382 3423 qui

327 3441 368 3476 18
2140 3431 2381 3482 collatas
