2678 4022
95 1082 137 1117 10

94 1438 135 1473 15

88 2150 134 2185 25

87 2860 134 2895 35

359 284 662 337 TYCHO
690 284 811 335 AD
839 284 1016 336 IOH.
1046 284 1243 336 ANT.
1272 285 1715 338 MAGINUM
1742 286 1817 339 28
1844 286 2037 339 NOV.
2066 286 2211 339 1598
2309 287 2389 338 121

186 425 320 478 satis
340 441 447 491 pro
467 426 579 478 hac
599 429 791 490 prima
805 428 1187 489 conceptione
1202 426 1551 486 satisfeceris,
1573 430 1758 479 necin
1771 443 1988 493 magna
2002 443 2390 480 numerorum

188 499 360 562 copia
384 498 668 560 processus
691 496 754 548 fit
776 495 1126 548 sufficienter
1153 497 1474 560 expeditus,
1501 505 1897 563 praeterquam
1918 499 2076 563 quod
2096 499 2156 551 id
2177 499 2248 551 de
2269 514 2389 563 quo

188 570 315 619 eius
335 567 505 620 usum
524 583 631 632 pro
652 583 748 619 me
768 570 1065 632 praecipue
1086 567 1282 627 inferS,
1304 571 1458 620 circa
1477 572 1885 632 aequationum
1905 572 2188 621 nimirum
2208 585 2388 635 angu-

186 638 275 690 los
301 641 363 690 in
390 638 646 691 Planetis
670 638 917 699 faciliuS,
945 654 1127 703 quam
1153 654 1257 702 per
1277 638 1672 704 Tangentium
1695 646 1750 691 et
1773 640 2110 692 Secantium
2129 640 2390 693 Tabulas

187 709 324 762 inde
344 709 719 775 colligendOS,
743 709 891 762 mihi
912 725 1031 774 qua
1050 713 1278 762 ratione
1299 710 1358 761 id
1378 709 1506 761 fieri
1526 711 1714 774 posset,
1736 712 1991 764 necdum
2010 710 2388 776 perspectum,

185 780 469 845 liquidem
482 781 732 846 angulos
745 781 877 832 illos
897 796 1001 846 per
1020 780 1171 832 solas
1191 796 1581 833 numerorum
1602 781 2152 849 προσθαφαιρὲσεις,
2174 798 2388 847 nempe

185 852 547 904 additionem
559 859 613 904 et
624 850 1074 904 subtractionem
1088 851 1303 916 absque
1319 855 1484 903 omni
1497 852 1984 916 multiplicatione
1996 861 2098 905 aut
2110 854 2388 906 divifione

185 925 435 975 minimo
461 926 707 988 negocio
733 923 1074 988 investigare
1100 923 1293 983 liceat;
1323 938 1506 987 quam
1533 925 1928 991 πραγματείαν
1954 940 2076 976 11011
2101 924 2304 976 saltem
2326 928 2389 976 in

186 997 351 1046 omni
361 1009 573 1059 genere
584 994 1015 1059 triangulorum
1022 993 1460 1058 sphaericorum,
1470 994 1564 1046 sed
1577 1001 1632 1046 et
1643 995 1960 1058 planorum
1970 1011 2187 1060 magno
2196 995 2387 1047 Astro-

185 1068 404 1117 nomici
431 1065 640 1118 calculi
666 1066 1018 1130 compendio
1044 1066 1244 1117 locum
1268 1068 1482 1117 mereri
1508 1065 1678 1116 nobis
1705 1065 1943 1125 constat:
1971 1066 2147 1118 laude
2173 1067 2385 1118 nihilo-

184 1139 382 1188 minus
402 1137 788 1202 dignissimum
810 1137 1004 1188 censui
1026 1143 1080 1188 et
1101 1139 1428 1188 etiamnum
1448 1136 1653 1188 censeo
1673 1136 1833 1188 hunc
1853 1144 2022 1189 tuum
2042 1138 2307 1189 laborem
2326 1141 2389 1190 in

185 1209 598 1272 componenda
623 1207 726 1260 illa
750 1208 953 1260 tabula
973 1223 1109 1260 cum
1129 1207 1231 1259 suo
1253 1207 1376 1268 usu,
1405 1210 1507 1272 qui
1531 1207 1669 1259 sane
1693 1207 1809 1260 late
1829 1215 1987 1273 patet
2007 1216 2062 1260 et
2081 1209 2390 1273 multiplex

185 1279 288 1330 esse
314 1279 508 1343 potest.
537 1279 715 1342 Quod
735 1287 935 1332 autem
955 1295 1079 1330 non
1100 1286 1276 1331 antea
1296 1279 1398 1331 tibi
1418 1279 1490 1331 de
1510 1279 1603 1330 his
1623 1278 2023 1343 rescripserim,
2050 1278 2270 1331 fadtum
2297 1280 2388 1340 est,

185 1350 345 1414 quod
359 1350 462 1402 diu
475 1366 512 1403 a
524 1350 704 1415 teipso
720 1349 1088 1415 expediarem
1103 1350 1405 1415 exemplar
1419 1350 1663 1414 aliquod
1679 1349 1827 1401 mihi
1844 1350 2207 1411 destinatum,
2230 1352 2389 1415 quod

185 1420 400 1474 alicubi
434 1425 497 1473 in
531 1424 738 1474 itinere
774 1422 1002 1473 haerere
1037 1424 1257 1486 putavi,
1293 1428 1357 1473 ut
1391 1421 1758 1473 rescribendo
1789 1428 1987 1486 gratus
2019 1422 2251 1473 vicissim
2286 1423 2388 1473 esse

184 1493 413 1557 possem,
441 1496 655 1558 partim
675 1494 835 1557 quod
855 1500 1079 1545 certum
1101 1500 1155 1544 et
1174 1492 1411 1544 fidelem
1437 1495 1877 1544 internuncium
1903 1508 2027 1544 non
2053 1496 2388 1556 repererim,

185 1566 287 1628 qui
306 1564 409 1616 tibi
428 1570 554 1616 tuto
577 1567 882 1629 quippiam
903 1580 940 1616 a
958 1580 1055 1616 me
1075 1564 1370 1629 perferret.

256 1634 410 1698 Quae
430 1651 572 1687 vero
599 1643 654 1687 et
679 1643 782 1687 tuo
810 1643 865 1687 et
890 1635 1148 1687 aliorum
1172 1637 1418 1687 nomine
1444 1638 1507 1686 in
1535 1634 1772 1699 epistola
1794 1634 1911 1686 illic
1934 1634 2181 1698 praefixa
2201 1651 2388 1700 rogaS,

185 1705 452 1758 videlicet
466 1713 529 1758 ut
540 1707 930 1758 Astronomiae
944 1707 1442 1766 instaurationem,
1459 1721 1641 1770 quam
1655 1706 1757 1757 diu
1770 1706 2143 1770 multumque
2157 1706 2388 1765 molior,

183 1784 414 1829 mature
435 1777 736 1830 absolvam
757 1786 811 1829 et
830 1779 1048 1842 publici
1069 1780 1214 1829 iuris
1234 1778 1466 1837 faciam,
1487 1778 1546 1829 id
1568 1777 1844 1841 equidem
1863 1784 1927 1829 ut
1946 1776 2267 1829 secundum
2286 1784 2390 1830 tua

184 1854 240 1900 et
264 1848 587 1900 multorum
606 1856 746 1900 vota
771 1849 1119 1913 praestarem,
1148 1848 1299 1900 nihil
1323 1851 1510 1913 magis
1535 1848 1775 1912 ipsemet
1799 1851 1863 1899 in
1882 1851 2033 1900 votis
2058 1847 2264 1900 habui:
2292 1848 2388 1900 sed

184 1919 520 1972 obstiterunt
546 1919 830 1972 hactenus
857 1921 1150 1984 quaedam,
1177 1922 1392 1984 partim
1417 1922 1652 1984 proprie
1679 1919 1754 1971 ad
1781 1926 1967 1971 artem
1994 1919 2387 1984 redintegran-

184 1991 322 2042 dam
342 1991 864 2055 stabiliendamque
884 1991 1175 2051 facientia,
1199 1994 1413 2055 partim
1434 2006 1506 2042 ex
1526 1991 1706 2042 huius
1725 1990 2019 2042 inferioris
2039 1996 2095 2041 et
2113 1990 2387 2041 terrestris

183 2063 391 2114 mundi
412 2063 799 2114 tumultuaria
818 2063 990 2114 scena
1009 2063 1377 2127 prodeuntia,
1400 2068 1455 2113 et
1474 2061 1725 2126 politicis
1744 2061 1876 2113 fatis
1898 2061 2172 2113 obnoxia.

254 2133 422 2185 Prius
435 2133 581 2184 illud
594 2133 836 2185 tarditas
848 2136 1198 2185 circuituum
1209 2133 1576 2198 superiorum
1587 2132 1981 2193 Planetarum,
1996 2131 2314 2197 praesertim
2329 2130 2388 2196 bi

184 2203 468 2264 causatur,
491 2220 610 2268 quo
631 2208 829 2256 minus
849 2204 1199 2256 sufficientes
1220 2203 1607 2269 acronychias
1627 2203 2060 2257 observationes
2079 2218 2183 2267 per
2199 2209 2387 2254 totum

183 2275 384 2327 circuli
396 2277 683 2328 ambitum
698 2279 866 2327 citius
881 2275 1117 2340 adipisci
1131 2277 1568 2335 concederetur;
1584 2290 1779 2339 neque
1795 2277 1954 2326 enim
1967 2281 2083 2326 tres
2096 2273 2388 2325 sufficiunt

183 2345 259 2398 ad
280 2361 488 2398 eorum
502 2348 771 2412 Apogaea
791 2354 846 2399 et
863 2347 1332 2399 Eccentricitates
1353 2346 1748 2410 explicandaS,
1769 2349 1854 2397 uti
1873 2348 2201 2397 imitatione
2215 2344 2386 2397 PTO·

183 2417 458 2469 LEMAEI
482 2426 537 2470 et
561 2417 988 2470 COPERNICI
1014 2416 1300 2470 hactenus
1326 2417 1531 2469 frustra
1556 2417 1838 2469 creditum
1867 2416 1958 2476 est,
1985 2417 2387 2480 inaequalitate

183 2488 379 2540 adhuc
399 2488 534 2550 alia,
557 2505 739 2554 quam
754 2505 963 2541 eorum
975 2489 1170 2541 ferunt
1189 2488 1556 2555 hypotheseS‚
1579 2488 1959 2547 coincidente,
1976 2495 2031 2539 et
2046 2488 2386 2539 Eccentrici-

181 2566 298 2612 tate
327 2559 448 2619 illa,
482 2576 617 2624 quae
646 2560 933 2625 AEquanti
961 2560 1250 2621 tribuitur,
1283 2576 1407 2612 non
1436 2562 1722 2611 retinente
1754 2559 2006 2611 eandem
2035 2559 2111 2611 ad
2141 2558 2387 2610 alteram

181 2634 642 2696 proportionem,
664 2647 844 2696 quam
863 2632 948 2683 illi
965 2632 1254 2684 assumunt
1268 2638 1324 2683 et
1336 2647 1443 2696 pro
1459 2633 1691 2695 cognito
1711 2630 2173 2695 praesupponunt
2193 2631 2387 2693 potius

183 2717 365 2766 quam
385 2702 802 2763 demonstrant;
823 2703 991 2755 aliter
1012 2705 1171 2754 enim
1193 2718 1265 2754 ea
1284 2702 1339 2754 se
1360 2702 1537 2754 habet
1557 2709 1612 2753 et
1632 2704 1695 2752 in
1713 2701 1948 2766 lingulis
1968 2703 2172 2752 variat.
2191 2700 2386 2752 Taceo

182 2789 358 2834 nunc,
381 2781 670 2837 quantum
689 2773 1045 2826 difficultatis
1062 2776 1346 2839 ingerant,
1369 2780 1778 2837 quantumque
1791 2775 2072 2836 temporis
2086 2773 2387 2835 requirant

183 2844 394 2908 reliqui
409 2845 529 2896 duo
543 2845 849 2896 inferiores
865 2844 1140 2905 Planetae,
1159 2847 1428 2909 inprimis
1442 2859 1585 2896 vero
1598 2843 1987 2908 vagabundus
2003 2849 2057 2894 et
2070 2844 2249 2907 varijs
2263 2857 2384 2893 am-

181 2914 427 2980 bagibus
447 2916 763 2980 implicitus
791 2918 845 2977 ζέ,
867 2917 1260 2980 rarissimeque
1281 2930 1591 2980 apparenS,
1614 2930 1750 2966 cum
1770 2914 1918 2966 alias
1939 2916 2092 2965 circa
2111 2913 2385 2964 horizon-

181 2993 317 3046 tem,
350 2986 452 3038 ubi
483 2986 546 3038 hi
579 2987 698 3039 duo
720 2986 1065 3039 observandi
1094 2994 1158 3038 ut
1186 2988 1513 3051 plurimum
1541 2988 1803 3045 veniunt,
1837 3000 2030 3048 pauca
2061 2983 2385 3036 admodum

183 3057 538 3109 concedatur
563 3060 716 3109 a'e’ris
741 3058 873 3110 satis
899 3074 1050 3122 pura
1072 3058 1365 3117 serenitas,
1393 3058 1467 3110 ob
1488 3071 1740 3121 vapores
1763 3056 1879 3107 istic
1900 3055 2261 3114 obvolanteS‚
2289 3055 2384 3106 de-

183 3128 422 3180 cliviore
453 3131 631 3180 etiam
661 3128 909 3193 Sphaera
937 3129 1162 3193 aliquid
1191 3128 1467 3181 obstaculi
1496 3127 1847 3192 suggerente.
1883 3126 2046 3189 Quin
2076 3132 2130 3177 et
2162 3128 2224 3187 <(,
2257 3132 2385 3177 utut

183 3198 419 3264 singulis
446 3199 740 3251 mensibus
769 3209 1044 3260 recurrat,
1074 3215 1198 3251 non
1226 3215 1440 3264 parum
1467 3199 1583 3250 suis
1612 3195 1991 3250 anfractuosis
2018 3204 2073 3248 et
2101 3196 2383 3260 pluribus,

183 3285 366 3334 quam
379 3268 663 3322 hactenus
679 3271 962 3322 creditum
977 3271 1068 3330 est,
1089 3270 1592 3335 inaequalitatibus
1607 3270 1866 3321 obnoxia
1880 3283 1990 3319 nos
2003 3267 2175 3328 torfit,
2197 3267 2385 3318 donec

183 3356 307 3392 non
325 3356 397 3392 ex
413 3341 596 3393 tribus
613 3341 984 3393 solummodo
1000 3341 1316 3405 Eclipfibus
1337 3341 1499 3393 haud
1519 3339 1954 3399 sufficientibuS,
1975 3341 2060 3390 uti
2080 3339 2383 3390 antecesso-

329 3423 371 3457 ιε
2274 3424 2383 3468 reS,
