2638 3918
312 578 315 580 ‚
370 444 700 555 QUAE
744 443 1295 536 OCTAVO
1338 445 1760 538 TOMO
1809 446 2297 539 CONTI-

1022 570 1123 659 N
1136 570 1638 662 ENTUR.

2300 652 2394 698 Pag.

225 706 486 771 Epistola
547 723 584 759 a
604 707 836 759 Davide
860 707 1140 773 Chytraeo
1161 709 1218 761 16
1239 709 1365 761 Iun.
1389 709 1516 762 1597
1528 750 2215 763 ....................
2397 712 2430 764 3

329 807 400 812 -—
508 779 584 830 ad
607 779 912 843 Oligerum
933 779 1458 832 Rosencrantzium
1479 781 1537 832 10
1557 780 1663 833 Iul.
1686 782 1813 834 1597
1848 822 2214 834 ...........
2339 783 2431 835 3-4

509 850 583 902 ab
605 850 819 902 Iacobo
841 851 1137 916 Bordingo
1157 851 1192 903 2
1211 853 1362 917 Aug.
1384 852 1512 905 1597
1527 893 2145 905 ..................
2166 861 2180 906 ’.
2204 895 2215 906 .
2397 856 2431 908 5

335 950 398 955 -
508 921 583 972 ad
605 921 939 973 Henricum
960 923 1332 975 Ranzovium
1352 924 1409 975 17
1429 923 1582 988 Sept.
1604 925 1732 977 1597
1776 965 2214 977 .............
2337 926 2432 978 5-6

330 1021 401 1026 —-
509 992 585 1044 ad
606 992 730 1044 Ioh.
753 994 865 1046 Iac.
889 993 1222 1059 Grynaeum
1242 995 1275 1047 8
1297 994 1423 1047 Oct.
1445 995 1573 1048 1597
1599 1036 2215 1048 ..................
2338 997 2432 1049 6-8

329 1092 400 1098 -—
508 1064 584 1116 ad
607 1065 913 1130 Oligerum
933 1065 1457 1117 Rosencrantzium
1477 1067 1510 1119 7
1532 1067 1686 1119 Nov.
1709 1067 1836 1120 1597
1847 1108 2215 1120 ...........
2303 1068 2432 1120 8-10

329 1165 400 1170 —
508 1136 584 1188 ad
607 1136 913 1202 Oligerum
934 1137 1460 1189 Rosencrantzium
1480 1138 1537 1190 16
1558 1138 1712 1190 Nov.
1735 1139 1863 1192 1597
1885 1180 2216 1191 ..........
2275 1139 2432 1192 10-12

330 1236 400 1241 -
547 1223 584 1259 a
605 1207 837 1260 Davide
858 1208 1124 1260 Fabricio
1146 1209 1214 1260 23
1236 1209 1391 1261 Nov.
1412 1209 1540 1262 1597
1563 1250 2214 1262 ...................
2273 1211 2432 1262 13-14

329 1308 400 1312 -
509 1279 582 1330 ab
604 1278 829 1331 Ioanne
850 1280 1107 1344 Keplero
1129 1280 1184 1331 13
1206 1280 1348 1332 Dee.
1371 1281 1498 1333 1597
1527 1321 2215 1334 ....................
2274 1282 2431 1335 14-15

331 1379 400 1384 —
509 1350 584 1402 ab
606 1350 844 1416 Oligero
866 1351 1324 1403 Rosencrantzio
1345 1352 1402 1403 16
1422 1351 1564 1404 Dec.
1587 1352 1715 1405 1597
1740 1393 2215 1405 ..............
2273 1354 2431 1406 15-17

329 1451 401 1456 ——
508 1422 584 1474 ad
607 1422 913 1487 Oligerum
933 1423 1458 1474 Rosencrantzium
1479 1423 1549 1475 26
1569 1423 1711 1475 Dec.
1733 1424 1862 1476 1597
1884 1465 2215 1476 ..........
2273 1425 2433 1477 17-18

329 1522 400 1527 -
508 1494 584 1545 ad
604 1493 1028 1558 Imperatorem
1049 1494 1431 1558 Rudolphum
1451 1495 1485 1545 2
1506 1495 1628 1546 Ian.
1650 1495 1779 1547 1598
1813 1536 2216 1547 ............
2274 1495 2433 1548 18-20

330 1594 398 1598 —-
508 1564 583 1616 ab
604 1565 829 1617 Ioanne
851 1565 1038 1617 Isacio
1059 1566 1328 1617 Pontano
1350 1565 1478 1618 1598
1495 1606 2216 1619 .....................
2363 1566 2433 1619 20

329 1665 399 1670 -—
508 1636 581 1688 ab
604 1636 870 1688 Henrieo
892 1636 1526 1701 Ellenbergerol81an.
1549 1637 1677 1690 1598
1706 1678 2215 1690 ...............
2267 1638 2432 1690 21-22

331 1736 398 1741 —
508 1708 583 1759 ad
606 1707 911 1773 Oligerum
932 1708 1458 1760 Rosencrantzium
1480 1708 1550 1759 22
1571 1708 1693 1761 Ian.
1716 1709 1844 1762 1598
1849 1750 2215 1761 ...........
2266 1710 2432 1762 22-24

331 1808 398 1812 -ψ-
508 1779 583 1831 ad
605 1778 910 1844 Oligerum
931 1779 1456 1831 Rosencrantzium
1476 1780 1533 1831 14
1554 1779 1717 1832 Febr.
1740 1780 1868 1833 1598
1884 1821 2215 1833 ..........
2267 1781 2431 1834 24-25

331 1880 397 1884 -
508 1850 584 1902 ad
604 1851 911 1902 Andream
931 1850 1227 1902 Velleium
1247 1851 1305 1903 18
1325 1850 1489 1903 Febr.
1512 1852 1640 1904 1598
1672 1893 2216 1904 ................
2268 1852 2431 1906 25-27

330 1951 398 1956 ——
507 1922 581 1974 ab
603 1922 817 1974 Iacobo
838 1923 1131 1975 Monavio
1151 1923 1220 1975 25
1241 1922 1404 1975 Febr.
1411 1920 1466 1988 17
1487 1923 1664 1975 Mart.
1687 1923 1816 1976 1598
1849 1965 2215 1976 ...........
2266 1924 2425 1977 28-31

330 2022 397 2027 —
546 2009 583 2046 a
602 1994 737 2045 Vito
757 1994 1136 2046 Winshemio
1156 1995 1201 2045 11
1222 1994 1399 2046 Mart.
1422 1994 1551 2046 1598
1564 2035 2215 2047 ...................
2362 1996 2426 2047 31

330 2094 397 2099 —
507 2065 583 2117 ad
604 2064 925 2130 Iosephum
946 2065 1306 2131 Scaligerum
1326 2066 1383 2117 14
1404 2066 1581 2118 Mart.
1603 2066 1732 2119 1598
1743 2107 2216 2119 ..............
2268 2066 2431 2118 31-33

330 2166 400 2171 -—
508 2137 584 2189 ad
607 2137 1015 2190 Christianum
1036 2138 1599 2202 Longomontanum
1619 2137 1688 2188 24
1708 2138 1886 2190 Mart.
1908 2138 2036 2191 1598
2064 2179 2217 2191 .....
2267 2138 2432 2191 34-35

331 2237 398 2242 ——
509 2209 584 2260 ad
605 2208 807 2260 Vitum
826 2208 1272 2260 Winshemium
1291 2209 1361 2260 28
1381 2209 1558 2261 Mart.
1580 2209 1709 2261 1598
1743 2250 2216 2262 ..............
2362 2209 2431 2262 35

333 2309 395 2313 —
508 2280 584 2331 ad
604 2279 887 2332 Iacobum
907 2281 1272 2345 Bordingum
1291 2280 1361 2332 29
1382 2280 1559 2332 Mart.
1581 2280 1710 2333 1598
1741 2321 2216 2333 ..............
2268 2280 2431 2333 36-37

330 2380 399 2385 —
604 2351 875 2403 Danielis
897 2351 1166 2404 Crameri
1187 2351 1262 2403 ad
1285 2351 1591 2416 Oligerum
1612 2352 2136 2405 Rosencrantzium
2161 2352 2219 2404 31

603 2422 780 2474 Mart.
803 2423 931 2475 1598
954 2463 2215 2476 ....................................
2267 2423 2431 2476 37-43

331 2523 398 2527 -—
509 2494 585 2545 ad
606 2494 895 2545 Ioannem
915 2494 1238 2559 Keplerum
1259 2495 1280 2544 1
1300 2494 1443 2558 Apr.
1465 2494 1593 2546 1598
1598 2535 2215 2547 ..................
2267 2494 2432 2547 44-48

330 2594 401 2599 —-
509 2565 585 2617 ad
604 2565 911 2617 Andream
931 2565 1226 2617 Velleium
1246 2565 1304 2617 10
1323 2566 1466 2629 Apr.
1488 2565 1616 2618 1598
1633 2606 2215 2618 .................
2266 2566 2432 2618 48-50

331 2666 398 2671 ——
547 2652 584 2688 a
606 2636 866 2702 Georgio
888 2636 1276 2701 Rollenhagio
1295 2636 1438 2701 Apr.
1460 2637 1589 2689 1598
1600 2677 2216 2689 ..................
2267 2637 2432 2690 50-52

330 2737 400 2742 —-
509 2708 584 2760 ad
606 2707 967 2759 Michaelem
988 2708 1360 2759 Maestlinum
1379 2707 1436 2759 21
1456 2709 1599 2772 Apr.
1621 2708 1750 2761 1598
1775 2749 2215 2760 .............
2266 2708 2430 2761 52-55

331 2808 398 2813 -
508 2779 584 2831 ad
603 2778 978 2831 Thaddaeum
998 2780 1332 2844 Hagecium
1353 2779 1481 2831 1598
1491 2820 2216 2831 .....................
2266 2779 2432 2832 56-59

331 2880 399 2885 —
509 2851 585 2903 ad
607 2850 913 2916 Oligerum
934 2851 1458 2902 Rosencrantzium
1478 2851 1512 2902 8
1532 2851 1679 2903 Mai.
1700 2851 1829 2904 1598
1848 2892 2215 2903 ...........
2267 2850 2432 2903 59-68

330 2952 401 2957 -
548 2938 585 2974 a
603 2920 910 2974 Thaddaeo
931 2922 1198 2987 Hagecio
1219 2919 1384 2987 20130
1404 2921 1551 2974 Mai.
1573 2922 1701 2975 1598
1705 2963 2215 2974 ...............
2362 2922 2431 2974 68

330 3022 401 3027 -
549 3008 587 3045 a
606 2993 860 3045 Daniele
883 2993 1170 3046 Cramero
1191 2993 1259 3044 24
1281 2993 1427 3044 Mai.
1450 2993 1578 3045 1598
1601 3034 2215 3046 ..................
2362 2993 2431 3045 69

332 3094 399 3098 -
509 3065 585 3116 ad
605 3064 730 3116 Ioh.
753 3065 864 3116 Iac.
889 3065 1223 3130 Grynaeum
1242 3065 1274 3117 7
1296 3064 1423 3116 Iun.
1445 3064 1574 3117 1598
1599 3105 2215 3117 ..................
2267 3064 2424 3117 69-71

334 3165 399 3170 —
510 3136 583 3187 ab
604 3136 851 3188 Ernesto
871 3136 1334 3200 Archiepiscopo
1357 3135 1705 3188 Coloniensi
1724 3133 1875 3202 15125
1896 3136 2024 3188 Iun.
2045 3135 2174 3188 1598
2204 3176 2216 3187 .
2266 3134 2431 3188 71-72

331 3236 402 3241 —-
549 3223 586 3259 a
607 3207 868 3272 Georgio
890 3207 1277 3272 Rollenhagio
1299 3207 1356 3259 18
1376 3207 1503 3259 Iun.
1525 3207 1654 3260 1598
1670 3247 2214 3259 ................
2360 3206 2430 3258 72

527 3278 587 3342 (a
607 3278 876 3343 Casparo
910 3278 1262 3330 Lehmanno
1296 3278 1372 3330 ad
1405 3278 1733 3343 Georgium
1762 3278 2217 3343 Rollenhagium

604 3347 744 3415 21131
766 3349 911 3401 Mai.
934 3349 1085 3413 1598)
1101 3389 2214 3401 ................................
2361 3347 2429 3401 73
