2652 4022
63 1579 170 1624 143¹

117 1665 262 1705 15

111 2027 157 2062 20
240 2033 245 2036 “

109 2384 156 2418 25

110 2740 156 2775 30

110 3096 157 3131 35

276 297 580 351 TYCHO
607 296 729 349 AD
756 296 1101 349 DANIEL.
1131 296 1638 351 CRAMERUM
1665 295 1842 364 16126
1868 298 2086 351 SEPT.
2115 299 2261 352 1599
2317 299 2409 352 187

206 447 383 505 atque
396 455 467 491 ea
479 454 615 504 quae
629 437 811 491 tracto
824 438 1009 491 studia
1020 438 1516 492 clementissimam
1529 440 1948 506 benignitatem
1962 440 2252 493 collauda.
2262 441 2410 494 Vale

206 518 382 576 atque
396 510 560 563 brevi
574 509 834 562 rescribe.
856 509 1169 562 Dabantur
1184 526 1256 562 ex
1270 526 1403 563 arce
1420 510 1693 564 Caesarea
1707 511 2008 565 Benachia
2021 512 2137 565 five
2148 512 2410 579 Venetijs

206 582 612 635 Bohemorum
632 582 814 633 Anno
834 581 903 633 99
924 580 1018 632 die
1038 582 1124 633 26.
1146 580 1502 646 Septembris
1522 582 1662 648 stylo
1683 590 1984 636 renovato.

276 653 442 705 Alter
464 652 784 718 plagiarius
805 658 861 704 et
880 652 1154 718 Mastiges
1175 668 1344 704 meus
1364 654 1743 717 impurissima
1761 654 1886 706 fera
1906 654 2254 707 Ditmarfica
2273 661 2410 707 ante

204 739 426 790 paucas
452 723 857 776 hebdomadas
876 724 1063 789 Praga
1089 723 1145 775 se
1174 722 1504 789 [subduxit]‚
1533 724 1755 778 deserta
1780 741 1982 787 uxore,
2011 742 2192 791 quam
2220 742 2411 791 nuper

205 796 468 855 duxerat,
495 797 580 847 uti
605 794 914 860 perhibent
938 794 1328 856 meretricula,
1355 794 1470 847 five
1492 797 1652 860 quod
1677 796 1833 849 male
1859 797 1961 849 fibi
1983 797 2246 850 conscius
2267 798 2409 859 esset,

206 873 261 919 et
279 882 492 932 poenas
511 866 832 919 secundum
851 866 1007 932 leges
1027 872 1328 926 metueret,
1351 882 1500 931 quas
1521 869 1699 919 etiam
1718 870 1819 920 vix
1839 867 2089 933 effugiet,
2114 868 2229 921 five
2250 870 2410 934 quod

205 938 345 991 alibi
358 938 644 990 latitando
659 953 819 990 nova
832 940 1163 990 ruminetur
1176 938 1488 990 mendacia
1501 938 1801 1003 novasque
1817 939 2161 1000 calumniaS‚
2182 955 2290 1004 pro
2307 940 2408 992 sta·

140 1029 162 1047 v
203 1009 476 1062 biliendis
500 1008 812 1074 prioribuS,
834 1004 855 1078 ΙΙ
877 1012 960 1061 uti
986 1008 1115 1061 fieri
1140 1009 1296 1070 solet,
1324 1009 1516 1074 ficque
1543 1009 1793 1075 decuplo
1820 1010 2085 1075 pluribus
2113 1027 2262 1076 opus
2287 1014 2408 1072 erit,

204 1080 300 1134 sed
320 1081 643 1133 obstruetur
663 1087 718 1133 et
738 1080 839 1142 illi,
862 1080 995 1133 Deo
1015 1080 1267 1142 volente,
1290 1096 1372 1141 OS,
1394 1083 1476 1133 ita
1495 1087 1558 1132 ut
1577 1081 1779 1134 mallet
1798 1080 1951 1135 fadia
1970 1080 2183 1135 infecta
2203 1083 2322 1135 esse.

205 1304 281 1350 [Ex
300 1305 544 1352 apographo
565 1305 609 1340 in
630 1304 774 1342 codice
797 1305 1049 1342 Monacensi
1070 1304 1174 1341 Bibl.
1196 1304 1318 1342 Univ.
1341 1306 1411 1341 693
1431 1304 1476 1341 in
1497 1305 1562 1350 2⁰]

464 1392 862 1467 TYCHO
907 1393 1290 1466 BRAHE
1330 1394 1493 1466 AD
1536 1393 2143 1467 IOSEPHUM

1037 1497 1579 1620 SCALI(S}ERUM.

534 1647 557 1698 ὲ
679 1651 1158 1704 ROMISERAM
1174 1651 1408 1704 Illustris
1424 1658 1479 1704 et
1493 1651 1971 1704 Excellentissime
1982 1654 2087 1713 vir,
2103 1654 2292 1704 amice
2306 1651 2410 1704 ho-

482 1724 486 1739 '
548 1766 551 1789 ,
588 1774 601 1784 ,
679 1724 1105 1784 norandissime‚
1141 1725 1204 1774 in
1238 1723 1476 1784 ultimiS,
1513 1738 1663 1787 quas
1697 1723 1773 1775 ad
1807 1730 1862 1774 te
1899 1723 2048 1784 dedi,
2089 1729 2411 1787 antequam

419 1793 443 1803 ⁶
484 1859 491 1863 s
522 1789 548 1835 s
678 1794 1038 1859 Witteberga
1063 1794 1304 1855 abirem,
1331 1790 1444 1855 me,
1473 1794 1575 1846 ubi
1601 1797 1663 1846 in
1690 1794 2043 1846 Bohemiam
2062 1795 2334 1846 venissem
2356 1801 2411 1846 et

422 1902 429 1908 -
466 1889 495 1936 ε,
515 1904 523 1906 ⁷
544 1867 546 1869 ’
681 1866 969 1918 Caesareae
997 1865 1334 1927 MaiestatiS,
1363 1865 1612 1917 Domini
1638 1865 1813 1917 nostri
1835 1865 2287 1926 Clementissimi,
2309 1881 2409 1917 vo-

372 1958 382 1966 *
414 1939 482 2007 <js
559 1955 583 1991 ’ἢ
619 1973 626 1987 2
678 1937 965 1989 luntatem
996 1936 1309 1989 humilime
1341 1937 1741 2002 cognovissem‚
1773 1943 1830 1989 te
1859 1936 1930 1988 de
1962 1936 2108 1988 statu
2139 1952 2410 1989 mearum

430 2013 451 2039 ὐ
498 2015 503 2018 '
599 2032 618 2047 ι
678 2024 878 2060 rerum
892 2011 1200 2061 certiorem
1214 2008 1595 2070 redditurum,
1615 2008 1775 2073 quod
1790 2014 1845 2060 et
1858 2007 2098 2073 ipsemet
2114 2023 2221 2072 pro
2235 2008 2409 2060 bene-

204 2079 343 2131 vola
361 2086 466 2131 tua
486 2095 623 2145 erga
642 2095 738 2132 me
758 2078 1068 2133 affectione
1094 2079 1222 2131 fieri
1249 2079 1584 2144 expetivisti,
1613 2086 1677 2131 ut
1703 2095 1775 2131 eo
1801 2082 2129 2144 promptius
2155 2081 2410 2131 invicem

204 2151 402 2203 literas
429 2158 810 2212 commutare,
841 2158 1018 2216 atque
1045 2151 1117 2203 de
1144 2151 1344 2203 arduis
1372 2150 1487 2203 illis
1514 2157 1568 2203 et
1595 2150 1919 2203 coelestibus
1949 2151 2122 2203 rebus
2152 2150 2408 2203 iucunde

205 2222 450 2274 ulterius
471 2222 736 2274 conferre
756 2224 1044 2288 possimuS.
1066 2223 1225 2274 Licet
1238 2238 1381 2274 vero
1395 2220 1681 2274 hactenus
1695 2228 1814 2274 tuae
1831 2220 2219 2287 expediationi
2233 2237 2407 2274 meae-

205 2309 320 2359 que
347 2293 755 2359 pollicitationi
780 2292 1127 2346 satisfactum
1150 2309 1276 2346 non
1300 2293 1380 2355 fit,
1407 2293 1520 2346 hac
1539 2296 1888 2359 migratione
1909 2297 1972 2345 in
1993 2309 2128 2345 oras
2147 2296 2310 2357 prius
2330 2296 2408 2359 ig-

205 2372 376 2417 notas
403 2374 458 2417 et
485 2365 559 2417 ob
586 2381 678 2417 res
704 2381 869 2418 meas
896 2365 1288 2430 disponendas
1314 2372 1491 2430 atque
1519 2365 1590 2417 de
1617 2380 1776 2417 novo
1798 2364 1960 2430 quafi
1980 2363 2408 2417 constituendas

203 2437 680 2501 irrequietudine‚
721 2439 830 2503 ocij
870 2437 1348 2489 commoditatem
1386 2436 1826 2497 interturbante,
1865 2435 2032 2488 nulla
2068 2442 2269 2488 tamen
2306 2439 2408 2495 tui,

203 2510 440 2573 meique
461 2511 523 2560 in
542 2515 598 2560 te
619 2507 795 2574 officij
819 2508 1118 2561 oblivione
1138 2508 1198 2560 id
1218 2507 1437 2561 factum
1461 2509 1581 2568 esse,
1607 2507 1945 2573 persuasum
1970 2507 2193 2560 habeas
2212 2507 2408 2568 velim,

204 2582 327 2631 imo
356 2581 478 2631 iam
507 2586 683 2632 antea
711 2586 767 2632 te
797 2579 1134 2645 persuasum
1163 2579 1383 2632 habere
1414 2578 1666 2632 confido,
1701 2579 2014 2644 Exponam
2045 2581 2218 2644 igitur
2249 2594 2408 2631 nune

203 2650 479 2703 brevibus
500 2666 588 2712 ea,
610 2667 746 2716 quae
766 2667 862 2704 me
883 2651 1210 2704 relaturum
1230 2651 1591 2703 addixeram.

275 2722 636 2788 Witteberga
656 2723 863 2775 discessi
882 2723 1068 2775 statim
1085 2723 1206 2788 post
1224 2722 1539 2775 Solstitium
1556 2722 1819 2774 aestivum
1836 2721 2015 2774 huius
2032 2724 2192 2782 anni,
2214 2737 2408 2785 neque

205 2796 365 2845 enim
385 2800 562 2846 antea
581 2794 759 2854 licuit,
780 2797 994 2859 partim
1009 2795 1084 2847 ob
1098 2794 1278 2846 libros
1294 2793 1578 2859 quosdam
1593 2794 1792 2846 denuo
1809 2792 1969 2845 isthic
1987 2792 2407 2852 describendos,

205 2879 355 2929 quos
377 2864 666 2917 Caesareae
686 2866 978 2918 Maiestati
998 2865 1364 2926 destinaram,
1391 2868 1605 2930 partim
1626 2865 1700 2917 ob
1721 2864 1861 2916 filiae
1885 2871 2030 2916 natu
2053 2866 2296 2915 maioris
2323 2866 2407 2915 in-

203 2935 621 2987 valetudinem.
651 2936 768 2988 Ubi
793 2953 936 2989 vero
962 2937 1211 3002 Pragam
1238 2940 1391 2989 circa
1416 2939 1583 2988 initia
1609 2936 1738 3001 Iulij
1767 2936 2056 2995 venissem,
2079 2950 2115 2986 a
2136 2934 2409 2986 Caesarea

205 3006 510 3058 Maiestate
526 3007 952 3059 clementissime
967 3011 1186 3060 accitus
1202 3015 1258 3060 et
1272 3008 1524 3068 auditUS,
1545 3022 1805 3071 moxque
1820 3009 1883 3058 in
1896 3006 2071 3071 ipfius
2088 3005 2407 3057 Maiestatis

207 3077 500 3130 Clientem
517 3078 909 3144 benignissime
924 3086 1190 3144 receptus
1204 3079 1347 3140 sum,
1368 3079 1579 3131 salario
1594 3094 1798 3130 annuo
1812 3077 1960 3129 mihi
1975 3077 2253 3142 deputato
2268 3076 2408 3128 3000

204 3149 302 3201 hic
331 3148 673 3201 ufitatorum
702 3149 1082 3211 florenorum,
1116 3152 1240 3202 una
1271 3166 1407 3203 cum
1437 3149 1785 3215 quibusdam
1818 3148 2238 3212 accidentarijS,
2272 3163 2407 3212 quae

205 3220 355 3272 alios
384 3220 657 3272 millenos
687 3224 993 3287 attingunt,
1024 3228 1079 3273 et
1107 3221 1277 3274 fimul
1306 3222 1380 3274 ab
1410 3221 1585 3286 ipfius
1612 3220 1835 3272 Maiest.
1865 3219 2291 3271 clementissime
2321 3222 2406 3270 in-

206 3291 452 3351 dultum,
474 3299 538 3343 ut
557 3291 835 3343 salarium
854 3292 968 3344 hoc
988 3293 1062 3345 ab
1084 3308 1156 3344 eo
1176 3300 1456 3357 tempore,
1479 3308 1598 3357 quo
1615 3307 1687 3343 ex
1701 3290 1971 3343 Holsatia
1987 3290 2104 3342 huc
2122 3293 2309 3342 iturus
2324 3290 2405 3341 di-

205 3363 413 3427 gressus
427 3362 570 3424 sum,
591 3363 740 3414 mihi
753 3370 1111 3415 numeretur.
1134 3364 1402 3416 Feudum
1418 3378 1673 3428 quoque,
1692 3369 1756 3414 ut
1772 3361 2015 3414 familiae
2029 3377 2180 3413 meae
2196 3359 2406 3443 rectius

348 3444 417 3479 24*
2344 3446 2407 3482 in
