2652 4022
285 317 377 371 152
816 314 1256 367 EPISTOLAE
1283 314 1951 368 ASTRONOMICAE

284 459 472 511 sumta
493 458 588 517 est;
609 456 948 508 nullatenus
970 458 1129 508 enim
1147 456 1373 509 admitti
1388 459 1600 521 poterit
1615 457 1802 510 stellas
1820 456 2213 522 irregulariter
2227 462 2282 508 et
2295 456 2480 509 diver-

284 529 501 582 fimode
532 531 756 580 interea
783 533 975 579 motas
1000 527 1173 588 fuisse,
1205 543 1340 580 cum
1367 543 1574 580 omnes
1600 528 1957 580 uniformem
1985 534 2039 579 et
2064 527 2395 592 regularem
2420 530 2483 579 in

284 617 407 652 uno
430 600 757 662 eodemque
780 598 937 651 Orbe
959 598 1262 650 observent
1284 601 1748 665 progressionem‚
1777 599 1936 664 quod
1961 601 2253 651 invariata
2273 614 2481 650 earun-

285 672 419 723 dem
435 671 777 722 adinvicem
795 669 1061 722 distantia
1075 676 1129 722 et
1143 670 1431 735 dispofitio
1451 671 1775 722 indubitate
1796 669 2053 730 ostendit,
2076 685 2210 733 quae
2230 669 2325 721 vel
2344 668 2483 721 hinc

284 743 482 806 liquet,
507 741 667 805 quod
687 756 895 792 omnes
916 741 1094 802 Fixae‚
1116 757 1251 806 quae
1272 742 1346 794 ab
1368 741 1834 794 HIPPARCHO
1858 747 1912 792 et
1931 740 2026 792 PT
2029 740 2400 793 OLOMAEO
2421 743 2484 792 in

284 828 408 865 uno
427 812 603 864 lineae
623 810 796 864 redtae
817 810 994 864 duc'tu
1014 812 1250 864 existere
1270 812 1517 876 proditae
1537 812 1681 872 sunt,
1704 815 2031 864 etiamnum
2048 811 2305 863 eundem
2323 827 2483 876 pror-

284 884 377 935 sus
403 886 697 935 tramitem
723 882 1079 944 conservent,
1105 890 1280 948 prout
1306 899 1343 936 a
1367 885 1537 936 nobis
1562 883 1762 935 sedulo
1789 882 2146 947 disquisitum
2172 882 2262 934 est.
2293 882 2486 934 Miror

2533 758 2555 792 5

2533 888 2562 931 ÷

284 958 483 1019 itaque
513 970 550 1006 a
577 961 700 1006 tam
730 949 1210 1022 Excel-sslentibus
1238 954 1578 1007 Artificibus
1610 970 1734 1006 non
1765 954 1898 1006 satis
1930 959 2267 1006 accuratam
2298 956 2361 1005 in
2392 953 2484 1005 his
2504 964 2615 1007 141v

284 1026 596 1090 praestitam
613 1026 715 1077 esse
730 1025 1107 1091 diligentiam,
1125 1042 1260 1077 cum
1273 1042 1366 1078 res
1380 1026 1443 1078 fit
1456 1029 1656 1091 magni
1670 1028 1972 1086 momenti,
1988 1040 2097 1077 nec
2108 1025 2486 1077 Planetarum

284 1100 578 1149 motiones
599 1103 755 1148 certo
777 1096 1071 1161 explorari
1092 1104 1326 1161 queant,
1354 1097 1459 1149 nifi
1484 1100 1647 1161 prius
1674 1097 1749 1149 ad
1776 1098 2039 1149 amussim
2064 1096 2358 1161 praefinita
2380 1095 2486 1147 fint

285 1169 566 1221 Fixarum
585 1167 733 1228 loca,
761 1169 922 1232 quod
943 1171 1122 1220 etiam
1141 1184 1236 1221 me
1256 1171 1319 1220 in
1339 1171 1426 1233 ijs,
1455 1184 1590 1232 quae
1610 1167 2123 1220 PTOLOMAEUS
2145 1170 2299 1219 eirca
2318 1167 2486 1219 Erra-

284 1243 535 1293 ticarum
562 1242 938 1303 apparentias
964 1239 1214 1300 tradidit,
1241 1255 1365 1291 non
1389 1255 1602 1304 parum
1627 1239 1814 1291 reddit
1835 1241 2151 1303 ancipitem
2171 1239 2370 1303 quoad
2391 1253 2487 1290 ex-

286 1310 477 1364 actam
498 1310 678 1371 illam,
700 1326 882 1375 quam
899 1310 1175 1371 desidem,
1196 1314 1504 1362 rationem.
1526 1311 1806 1362 Attamen
1819 1310 1952 1362 loca
1964 1313 2354 1361 inerrantium
2366 1309 2487 1361 Rel-

286 1383 497 1443 larum,
531 1397 666 1447 quae
697 1397 769 1433 ex
798 1382 1003 1434 Abaco
1033 1382 1471 1434 HIPPARCHI
1503 1385 1551 1433 is
1583 1381 1686 1433 suo
1715 1381 2047 1446 Almagesto
2079 1380 2332 1441 inseruit,
2364 1396 2489 1432 non

286 1453 559 1506 videntur
578 1459 805 1506 tantam
826 1456 1237 1505 enormitatem
1256 1469 1379 1518 prae
1399 1453 1454 1504 se
1474 1452 1642 1514 ferre,
1670 1459 1846 1517 atque
1866 1452 1996 1504 haec
2017 1451 2108 1512 est,
2137 1467 2319 1516 quam
2343 1451 2490 1503 liber

286 1524 634 1577 transmissus
654 1527 717 1575 in
736 1524 1024 1588 plerisque
1046 1524 1295 1576 exhibet.

357 1596 582 1648 Verum
607 1595 700 1646 his
726 1611 886 1647 nunc
914 1596 1139 1656 omissis,
1170 1611 1305 1659 quae
1335 1594 1604 1655 limitare,
1636 1601 1813 1658 atque
1841 1600 2133 1658 quatenus
2159 1593 2287 1645 fieri
2312 1593 2491 1658 potest

287 1670 351 1719 in
371 1669 814 1719 concinniorem
834 1669 1126 1718 rationem
1146 1667 1422 1731 redigere,
1449 1665 1552 1717 suo
1578 1665 1725 1717 forte
1751 1671 2015 1730 tempore
2037 1665 2489 1726 elaborabimuS,

288 1738 450 1791 aliud
466 1738 541 1789 est
555 1738 715 1802 quod
729 1753 889 1789 nunc
906 1740 1102 1802 potius
1120 1737 1523 1797 desiderarem,
1545 1737 1617 1789 de
1639 1752 1758 1801 quo
1781 1739 1974 1797 etiam,
1996 1736 2037 1788 fi
2057 1735 2207 1788 recte
2227 1738 2490 1798 memini,

287 1812 450 1874 prius
460 1816 515 1861 te
527 1811 745 1874 rogavi,
759 1815 822 1860 ut
833 1811 1117 1860 nimirum
1124 1806 1641 1872 AEquinoctiorum
1653 1810 1923 1860 omnium
1934 1807 2008 1860 ab
2020 1807 2489 1860 HIPPARCHO

289 1880 729 1933 observatorum
742 1882 1000 1932 rationes
1015 1879 1338 1944 defignatas
1353 1880 1669 1939 obtineam,
1690 1882 1772 1931 ita
1791 1885 1855 1931 ut
1868 1880 2062 1931 Annis
2076 1879 2320 1931 Iulianis
2337 1885 2491 1930 retro

287 1949 534 2004 subactis
555 1954 661 2003 rite
682 1951 1065 2015 applicentur,
1088 1957 1144 2002 et
1161 1950 1331 2002 fimul
1345 1951 1648 2015 quomodo
1665 1952 1877 2002 Annus
1893 1950 1991 2002 ille
2006 1948 2264 2015 respedtu
2277 1949 2493 2002 bissexti

288 2023 343 2075 se
369 2022 658 2082 habuerit,
685 2022 993 2074 indicetur:
1023 2022 1322 2086 Cuperem
1343 2037 1486 2074 vero
1512 2022 1634 2087 ipsa
1660 2021 2098 2074 HIPPARCHI
2124 2021 2321 2083 verba,
2349 2037 2491 2085 qua-

287 2101 460 2146 tenus
479 2094 583 2146 illa
603 2093 956 2145 eiuscemodi
977 2093 1410 2146 observationes
1431 2099 1810 2153 concernunt,
1837 2093 1988 2145 nihil
2014 2095 2173 2144 enim
2193 2092 2410 2145 horum
2430 2095 2493 2145 in

288 2166 450 2218 libris
475 2164 625 2216 mihi
650 2167 957 2230 impertitis
982 2167 1250 2217 invenire
1275 2164 1438 2217 licuit
1447 2181 1459 2225 ;
1487 2171 1614 2217 tum
1641 2180 1880 2229 quoque
1901 2164 1942 2215 fi
1961 2179 2109 2228 quas
2136 2163 2284 2216 alias
2310 2166 2373 2216 in
2399 2163 2492 2215 his

288 2236 680 2289 vetustissimas
694 2239 758 2287 in
770 2243 1048 2301 promptu
1060 2236 1244 2289 habes
1259 2236 1488 2288 coelitus
1504 2234 1781 2288 deductas
1796 2235 2348 2288 animadversiones
2369 2236 2493 2287 Au-

289 2308 485 2360 strales
499 2307 840 2360 Asterismos
855 2308 1025 2359 nobis
1041 2308 1348 2371 Europaeis
1368 2306 1652 2360 hactenus
1672 2310 1999 2372 incognitos
2017 2309 2391 2359 convenienti
2411 2306 2493 2358 di-

290 2379 527 2444 ligentia
549 2378 881 2431 observatos
902 2378 1156 2430 necdum
1176 2379 1312 2439 vidi,
1340 2378 1829 2442 repraesentarunt
1850 2378 2090 2442 quidem
2110 2381 2264 2430 circa
2283 2377 2495 2430 Polum

291 2450 633 2502 Austrinum
654 2449 842 2502 stellas
863 2450 1145 2514 quasdam
1162 2450 1332 2502 nobis
1349 2452 1744 2513 incompertas
1761 2449 2095 2502 Globorum
2109 2451 2172 2500 in
2184 2448 2370 2501 vestra
2383 2449 2492 2501 Ba—

290 2524 451 2573 tavia
471 2519 851 2581 confectorem
872 2521 967 2573 sed
988 2523 1164 2572 nimis
1185 2523 1387 2573 ieiuna
1408 2527 1463 2573 et
1482 2536 1661 2584 parca
1675 2521 1750 2572 est
1763 2520 1864 2573 ista
1881 2520 2213 2585 defignatiO,
2235 2519 2490 2572 credide-

291 2595 402 2644 rim
430 2592 617 2644 multo
646 2591 845 2656 plures
871 2591 1030 2644 isthic
1057 2608 1358 2656 apparere.
1390 2592 1450 2644 Si
1478 2591 1709 2655 plenior
1736 2598 1790 2644 et
1816 2594 2143 2643 accuratior
2170 2591 2495 2644 earundem

293 2663 596 2728 descriptio
615 2678 798 2728 penes
817 2670 872 2715 te
894 2663 984 2723 est,
1013 2679 1265 2728 eamque
1285 2678 1521 2715 mecum
1542 2666 1980 2715 communicare
2001 2678 2125 2714 non
2145 2663 2494 2727 degravatus

292 2734 488 2795 fueriS‚
503 2750 630 2786 rem
644 2734 968 2786 admodum
983 2741 1283 2799 acceptam
1296 2734 1638 2798 praestiteris.
1652 2733 2243 2786 ALBATEGNIUM
2256 2749 2495 2798 quoque

292 2806 524 2858 fidelius
549 2821 730 2870 quam
750 2813 927 2858 antea
946 2806 1298 2871 castigatum,
1319 2805 1359 2857 fi
1379 2812 1482 2858 tua
1502 2821 1684 2870 opera
1703 2805 2027 2870 aliquando
2049 2805 2495 2866 obtinuerimuS‚

293 2892 417 2929 non
447 2892 661 2942 parum
693 2877 990 2929 commodi
1022 2876 1174 2928 hisce
1206 2877 1403 2942 studijs
1434 2877 1571 2928 inde
1604 2876 1853 2928 accedet.
1891 2877 2139 2929 Utinam
2170 2876 2494 2928 Arabicum

294 2948 650 3012 Exemplum
664 2948 925 3000 obtinere
940 2949 1141 3012 posses;
1157 2963 1351 3012 neque
1367 2950 1527 2999 enim
1542 2948 1742 3000 dubito
1759 2951 1919 3012 quin,
1936 2963 2071 2999 cum
2085 2947 2303 3012 linguae
2318 2947 2494 3007 illius,

294 3022 379 3071 uti
400 3027 454 3072 et
473 3019 867 3083 plurimarum
887 3019 1141 3071 aliarum
1164 3019 1346 3083 usque
1373 3019 1448 3070 ad
1474 3019 1844 3078 miraculum,
1872 3022 2137 3083 apprime
2163 3033 2381 3083 gnarus
2407 3017 2494 3079 fis,

294 3090 406 3142 hac
426 3093 489 3142 in
509 3097 673 3154 parte
693 3091 1016 3155 plurimum
1036 3091 1106 3142 fis
1126 3090 1265 3142 huic
1285 3090 1468 3142 studio
1489 3089 1846 3154 profuturus.

367 3162 547 3213 Porro
580 3169 643 3213 ut
675 3177 874 3213 rerum
906 3177 1177 3214 mearum
1208 3161 1415 3213 statum
1448 3162 1824 3225 aliquatenus
1859 3158 2220 3225 perspectum
2255 3160 2494 3221 habeaS,

295 3232 437 3284 scias
472 3248 584 3292 me,
621 3233 926 3297 postquam
959 3249 990 3284 e
1023 3233 1155 3285 loco
1187 3235 1399 3296 prioris
1430 3248 1581 3284 meae
1617 3232 1998 3284 habitationis
2030 3231 2397 3291 discesseram,
2431 3234 2496 3284 in

297 3302 648 3355 Bohemiam
676 3320 746 3355 ex
775 3304 1063 3356 Caesareae
1085 3304 1405 3355 Maiestatis
1432 3303 1864 3355 clementissima
1888 3303 2191 3355 voluntate
2218 3305 2494 3367 cogitanS,

297 3374 583 3427 Dresdam
617 3375 850 3427 Misniae
886 3376 987 3427 ubi
1021 3376 1415 3439 pervenissem,
1452 3378 1774 3439 omniaque
1805 3378 1868 3426 in
1901 3374 2192 3426 Bohemia
2224 3375 2298 3426 ob
2334 3373 2496 3426 luem

1457 3457 1462 3461 ’
2093 3445 2495 3509 Epidemicam

2539 1114 2582 1148 10

2542 1470 2584 1504 15

2541 2181 2588 2216 25

2543 2892 2590 2927 35

2543 3246 2590 3282 40
