2652 4022
264 316 368 367 346
797 311 1235 364 EPISTOLAE
1261 285 1932 367 A'sTRoNOMicAE

263 473 400 508 nem
432 454 931 508 COPERNICUS
960 454 1235 519 gradibus
1261 456 1293 507 5
1321 455 1612 507 Cracovia
1642 455 2154 508 occidentaliorem
2182 455 2332 517 facit,
2363 457 2458 508 fic-

264 544 377 592 que
406 527 677 578 evaderet
704 540 775 577 ea
799 531 944 589 part.
971 525 1086 586 4021,
1115 527 1274 590 quod
1299 533 1500 578 tamen
1525 530 1779 579 nimium
1805 528 1908 578 esse
1934 526 2199 590 suspicor,
2228 541 2335 592 ego
2360 530 2459 578 vix

262 599 355 650 39⁰
381 601 676 661 attingere,
705 603 807 648 aut
834 602 986 648 certe
1012 612 1137 648 non
1162 597 1416 656 multum
1444 599 1722 650 excedere
1750 597 2111 650 crediderim.
2139 597 2459 662 Negotium
2507 603 2536 646 ·1·

261 670 374 721 hoc
400 669 471 720 de
497 667 962 732 longitudinibus
987 667 1256 720 locorum
1282 684 1405 720 non
1433 684 1646 733 parum
1675 669 1851 720 habet
1879 668 2293 733 perplexitatiS,
2324 684 2460 721 cum

263 740 695 792 observationes
716 738 1013 802 eclipfium
1027 739 1355 791 Lunarium
1374 743 1437 792 in
1457 743 1635 805 variJ's
1656 739 1951 792 hincinde
1971 739 2168 791 versus
2190 746 2384 792 ortum
2405 747 2460 792 et
2508 758 2531 792 5

262 811 531 863 occasum
572 812 810 861 remotis
853 810 1207 874 Regionibus
1249 811 1664 876 diligentissime
1706 817 1960 875 acceptae
2004 810 2355 862 sufficienter
2396 813 2460 862 in

260 888 536 946 promptu
573 897 698 933 non
735 880 856 932 sint.
898 880 1051 944 Quae
1090 883 1378 946 ignoratio
1417 882 1808 934 Astronomiae
1848 897 2103 946 quoque,
2142 881 2461 946 praesertim

262 953 459 1017 quoad
479 953 729 1013 Lunam,
756 952 1033 1003 nonnihil
1059 952 1253 1005 officit.
1283 953 1410 1005 Nos
1438 970 1557 1018 qua
1583 953 1711 1005 fieri
1736 956 1924 1018 potuit
1947 951 2460 1016 circumspedtione

260 1027 589 1089 praecipuas
602 1024 857 1087 Europae
873 1026 1132 1075 civitates
1147 1026 1209 1075 in
1225 1031 1653 1088 competentem
1668 1024 2097 1089 dispositionem
2111 1024 2458 1089 redegimuS‚

260 1102 323 1147 ut
336 1095 439 1147 suo
453 1102 716 1159 tempore
731 1094 970 1155 videbiS,
993 1093 1261 1147 corredtis
1277 1098 1470 1157 etiam,
1493 1103 1782 1160 quantum
1796 1096 1973 1157 licuit,
1996 1096 2320 1147 earundem
2333 1095 2459 1147 lati·
2514 1111 2556 1146 io

259 1166 576 1226 tudinibus‚
591 1170 653 1217 in
669 1166 897 1230 quibuS,
914 1182 1049 1217 cum
1062 1166 1316 1218 facilime
1331 1173 1585 1231 pateant,
1606 1167 1798 1231 pudor
1816 1167 1905 1226 est,
1926 1172 2232 1231 tantopere
2246 1165 2459 1218 nihilo-

259 1241 457 1289 minus
475 1240 866 1289 communiter
882 1237 1158 1297 aberrari,
1177 1237 1918 1298 velutiREINHOLDUS,
1940 1241 2042 1302 qui
2060 1237 2460 1302 Regiomontis

259 1309 630 1361 latitudinem
651 1325 723 1360 ex
742 1308 1049 1360 APIANO
1076 1308 1145 1360 26
1166 1308 1251 1359 M.
1273 1308 1418 1359 iusto
1443 1312 1738 1360 minorem
1763 1315 2068 1360 mutuatus
2095 1308 2186 1360 est.
2215 1308 2378 1372 Quin
2405 1314 2460 1360 et
2509 1312 2537 1355 τ

259 1380 375 1444 ipse
397 1379 748 1432 APIANUS
770 1379 1163 1431 elevationem
1183 1379 1458 1444 Auguflae
1480 1379 1923 1431 Vindelicorum
1946 1381 1978 1431 5
2003 1379 2255 1430 Minutis
2283 1394 2314 1430 e
2339 1379 2458 1440 sua,

259 1455 344 1503 uti
370 1458 530 1516 pum,
559 1451 962 1503 observatione
982 1450 1126 1502 iusto
1148 1450 1526 1502 decliviorem
1546 1451 1694 1511 fecit,
1718 1457 1773 1502 et
1794 1449 2243 1503 CYPRIANUS
2264 1450 2459 1502 adhuc
2513 1467 2556 1501 1⁵

259 1523 408 1586 plus,
430 1538 644 1586 nempe
666 1525 871 1586 quinta
891 1528 1055 1585 parte
1076 1522 1290 1586 gradus
1311 1521 1534 1573 defecit.

330 1594 425 1645 Ad
447 1600 724 1658 quartum
745 1593 1052 1657 quaefitum
1069 1593 1211 1644 scias
1228 1592 1493 1644 tabulam
1507 1591 2100 1657 prosthaphaereseoen
2115 1592 2458 1653 Lunarium,

260 1680 441 1728 quam
469 1665 664 1728 postea
694 1667 858 1716 iuxta
888 1666 1146 1728 priorem
1177 1663 1526 1728 hypothesin
1557 1664 1857 1728 supputari
1889 1662 2015 1724 feci,
2049 1679 2173 1715 non
2203 1663 2460 1715 multum

260 1735 492 1787 differre
508 1736 580 1787 ab
596 1735 781 1787 altera
796 1735 1128 1799 Hamburgi
1148 1737 1346 1785 minus
1369 1734 1673 1799 diligenter
1692 1736 1972 1799 impressa,
1993 1734 2099 1786 nifi
2120 1735 2280 1798 quod
2300 1750 2459 1799 quae-

259 1807 397 1858 dam
422 1822 730 1870 perperam
757 1806 873 1856 istic
900 1806 1130 1857 duobus
1154 1808 1216 1856 in
1238 1805 1382 1856 locis
1403 1801 1424 1873 ΙΙ
1446 1806 1657 1857 excusa
1683 1806 1971 1866 emendet,
2000 1812 2055 1857 et
2080 1808 2285 1858 omnia
2309 1806 2590 1858 seru-146v

257 1877 532 1941 pulosiuS,
566 1883 766 1941 utpote
799 1876 1034 1941 lingulis
1066 1876 1348 1937 secundiS‚
1383 1876 1672 1929 exhibeat.
1711 1878 1789 1929 At
1822 1893 1957 1928 cum
1988 1876 2191 1929 tabula
2221 1876 2325 1929 illa
2355 1892 2460 1941 per

259 1952 462 2000 omnia
487 1950 845 2013 apparentijs
872 1963 996 1999 non
1021 1947 1154 1999 satis
1174 1947 1410 2012 praecise
1432 1948 1895 2012 correspondeat,
1923 1948 2207 2012 siquidem
2227 1948 2302 2000 ob
2324 1963 2459 2000 coii-

256 2020 619 2072 turbationes
648 2035 847 2070 rerum
875 2034 1148 2070 mearum
1177 2022 1240 2071 in
1269 2018 1470 2071 Dania
1499 2018 1697 2080 fadtaS,
1728 2019 1871 2071 dum
1899 2035 2138 2084 peregre
2164 2019 2308 2080 sum,
2337 2026 2460 2071 tam

258 2094 370 2142 cito
391 2091 640 2142 revideri
656 2097 710 2142 et
725 2090 983 2155 castigari
1002 2105 1126 2141 non
1146 2093 1415 2154 potuerit,
1439 2091 1598 2154 quod
1618 2107 1778 2142 nunc
1799 2092 2055 2142 concesso
2075 2090 2308 2142 meliori
2328 2093 2460 2142 ocio

257 2163 496 2214 tandem
517 2160 749 2213 effestui
769 2162 1045 2213 daturum
1065 2161 1247 2225 sper0,
1270 2177 1523 2226 cumque
1544 2162 1964 2227 redintegratas
1978 2162 2109 2214 illas
2123 2168 2246 2213 tam
2259 2177 2458 2226 aequa-
2509 2177 2555 2211 25

256 2233 403 2284 lium
434 2248 615 2297 quam
644 2233 1034 2297 inaequalium
1062 2239 1337 2284 motuum
1365 2233 1553 2284 Lunae
1585 2232 1816 2285 tabulas
1848 2239 2059 2293 tecum,
2093 2233 2195 2284 ubi
2225 2235 2459 2297 penitus

258 2304 537 2356 absolutae
564 2304 796 2364 fuerint,
824 2306 1263 2356 communicare
1292 2304 1666 2364 decreverim,
1696 2304 1975 2368 quorsum
2001 2319 2152 2368 opus
2175 2307 2328 2356 circa
2350 2303 2460 2356 has

259 2375 677 2497 exauthogatas
709 2375 975 2438 pluribus
1010 2373 1320 2440 occupari?
1359 2374 1509 2438 Quis
1543 2378 1703 2427 enim
1737 2376 1953 2428 Cerere
1986 2381 2215 2440 reperta
2246 2374 2460 2440 glande

257 2446 502 2497 vescitur

328 2517 548 2568 Alterae
578 2523 696 2567 tuae
726 2516 910 2568 literae
937 2516 1030 2568 die
1061 2516 1117 2568 16
1143 2517 1401 2581 Ianuarij
1433 2523 1690 2568 exaratae
1717 2518 1789 2569 de
1815 2516 2275 2581 Triangulorum
2301 2532 2457 2568 com·
2508 2531 2554 2566 30

256 2588 536 2652 pendiosa
558 2602 662 2651 per
686 2586 1222 2654 προσθαφαιρέσεις
1247 2587 1599 2639 resolutione
1626 2587 1861 2639 solerter
1887 2594 2083 2652 agunt,
2112 2593 2166 2639 et
2193 2603 2230 2639 a
2255 2586 2459 2639 nostris

257 2661 578 2723 ratiocinijS
597 2674 722 2710 non
742 2659 1067 2710 admodum
1087 2658 1284 2710 aliena
1303 2658 1538 2720 habent,
1567 2674 1750 2723 quare
1774 2661 1846 2724 ijs
1867 2659 2086 2710 diutius
2107 2674 2230 2710 non
2250 2661 2458 2710 immo-

257 2731 447 2790 rabor,
478 2730 572 2781 sed
598 2745 839 2794 pergam
864 2732 1060 2793 potius
1087 2730 1162 2781 ad
1189 2745 1305 2789 eaS‚
1337 2745 1473 2793 quae
1501 2728 1707 2782 odiavo
1734 2730 2033 2794 Februarij
2063 2730 2285 2794 scriptae
2311 2729 2457 2789 sunt,

256 2802 638 2865 praetermissis
653 2800 882 2852 duabus
898 2800 1443 2852 intermediantibus
1456 2801 1530 2853 ob
1544 2801 1779 2853 causam
1793 2801 2057 2865 superius
2073 2799 2302 2853 dictam.
2316 2801 2458 2865 Agis

257 2872 401 2923 inibi
416 2872 486 2923 de
503 2871 730 2923 calculo
751 2872 1020 2923 locorum
1035 2872 1222 2923 Lunae
1240 2872 1315 2923 ad
1332 2878 1446 2923 tres
1468 2872 1591 2923 dies
1611 2875 1674 2923 in
1693 2872 1842 2924 libro
1863 2871 2055 2924 nostro
2071 2871 2458 2936 Epistolarum
2507 2886 2553 2921 35

256 2959 383 3007 pag.
406 2944 475 2995 56
501 2946 652 2994 inter
677 2943 936 3007 reliquos
956 2942 1229 2994 Planetas
1252 2943 1679 3007 assignatorum,
1708 2944 1986 3007 quodque
2008 2959 2080 2995 ea
2101 2958 2173 2994 ex
2194 2942 2456 2995 observa-

256 3018 415 3065 tione
441 3017 621 3078 petita
640 3013 882 3066 Tabulis
903 3013 1106 3065 nostris
1127 3029 1250 3065 non
1270 3013 1402 3065 satis
1424 3014 1800 3074 consentiant,
1828 3015 2073 3066 inducis,
2102 3014 2313 3065 Fateor
2332 3016 2456 3077 qui-

257 3086 390 3137 dem
420 3086 478 3137 id
507 3086 882 3149 aliquatenus
910 3085 984 3136 fic
1014 3086 1133 3146 esse,
1164 3100 1288 3136 non
1316 3091 1517 3137 tamen
1545 3091 1708 3138 tanta
1733 3088 2031 3137 invenitur
2057 3085 2456 3149 discrepantia,

257 3163 542 3220 quantam
562 3163 664 3208 tua
683 3156 1014 3220 supputatio
1034 3156 1182 3207 mihi
1202 3156 1516 3208 transmissa
1541 3156 1801 3221 suggerit,
1829 3159 1915 3208 uti
1942 3172 2015 3208 ex
2041 3156 2247 3216 nostra,
2276 3171 2458 3220 quam

257 3227 515 3290 apposui,
529 3230 872 3291 repetitione
884 3228 1083 3291 liquet,
1097 3227 1328 3278 duobus
1339 3227 1748 3291 posterioribus
1759 3228 1903 3279 locis
1914 3227 2046 3279 satis
2059 3228 2455 3278 convenienti·
2506 3240 2552 3275 40

255 3299 380 3357 buS,
404 3305 458 3348 et
477 3301 668 3362 primo
690 3299 891 3350 saltem
910 3299 1015 3349 illo
1035 3297 1311 3350 nonnihil
1332 3299 1711 3358 exorbitante,
1736 3314 1879 3350 nam
1899 3306 1962 3350 ut
1982 3297 2278 3349 minutula
2297 3312 2456 3361 quae-

257 3369 395 3420 dam
412 3376 774 3432 praeteream,
796 3369 1015 3434 ubique
1034 3368 1425 3421 differentiam
1442 3370 1623 3429 illam,
1645 3370 1777 3421 loco
1796 3370 2000 3430 Lunae,
2019 3366 2276 3432 respectu
2294 3367 2455 3433 polo-

2323 3453 2456 3489 rum
