2678 4022
321 309 624 363 TYCHO
651 309 773 360 AD
800 308 1278 361 NICOLAUM
1307 308 1719 361 CRAGIUM
1745 308 1821 360 20
1846 308 2048 361 AUG.
2076 308 2222 360 1598
2313 309 2381 360 95

250 453 307 504 A
333 450 799 510 SCALIGERO,
830 453 998 503 cuius
1023 450 1204 502 modo
1230 453 1493 511 memini,
1520 450 1739 503 litteras
1765 450 1913 503 mihi
1936 450 2127 503 attulit
2146 450 2385 502 FRAN-

182 523 460 577 CISCUS
476 521 1064 587 TENGNAGLIUS
1084 537 1254 573 meus
1274 528 1410 573 ante
1430 522 1678 574 biduum
1699 522 1902 584 redux,
1923 522 2098 575 rebus
2116 522 2267 574 bene
2289 537 2384 573 ex-

102 599 131 642 †
180 595 405 660 peditiS.
436 593 548 646 Thi
566 594 670 647 det
689 607 810 646 var
822 607 951 660 paa
972 591 1184 646 thiden
1205 607 1286 645 en
1301 607 1485 660 gang
1502 595 1594 645 att
1613 594 1738 646 ta1e
1765 608 1865 646 om
1886 595 2030 662 gott
2053 592 2238 656 folch,
2268 594 2385 646 och

178 667 321 719 Iade
347 666 423 718 de
450 666 645 718 andre
672 663 826 718 fare.
855 664 945 716 Est
970 671 1171 716 autem
1198 663 1451 728 Epistola
1476 664 1579 716 illa
1605 665 1926 717 admodum
1956 665 2181 717 erudite
2202 671 2257 717 et
2276 664 2384 716 hu-

109 755 131 789 5
179 740 433 790 maniter
452 737 659 801 scripta
686 735 795 800 (uti
813 735 944 788 sunt
963 735 1176 787 summi
1196 735 1354 787 illius
1373 738 1485 787 viri
1506 735 1731 799 omnia)
1759 739 1927 788 cuius
1948 736 2287 801 exemplum
2306 742 2385 788 te-

180 824 317 861 cum
342 810 735 860 communic0.
767 807 921 871 Quae
948 807 1020 859 de
1047 807 1202 859 Polis
1229 806 1465 859 diverfis
1492 807 1711 858 Mundi
1731 814 1787 859 et
1806 807 2164 872 AEquatoriS.
2194 808 2386 872 deque

179 880 375 932 Polari
399 879 575 940 steIIA,
603 878 859 931 fixarum
884 879 1190 944 progressu‚
1219 880 1363 930 anni
1384 881 1725 942 quantitate,
1754 878 2191 931 PTOLOMAEI
2213 880 2388 931 crassa

179 951 644 1004 hallucinatione
666 965 739 1002 ex
759 957 892 1002 ortu
913 949 1222 1002 Caniculae
1244 949 1455 1001 eodem
1476 950 1569 1001 die
1590 949 1841 1011 Iuliano,
1862 956 1945 1002 tot
1964 950 2287 1014 interlapfis
2306 950 2386 1002 se-

180 1023 343 1082 culis,
365 1029 542 1087 atque
562 1021 842 1074 similibus
860 1028 1302 1082 commemorat,
1323 1023 1522 1073 minus
1536 1020 1638 1072 fibi
1653 1021 1927 1073 constant.
1951 1022 2111 1073 Nam
2126 1028 2181 1073 et
2194 1021 2387 1073 bonus

89 1111 132 1146 10
179 1094 476 1146 interdum
493 1094 769 1146 dormitat
786 1092 1200 1145 HOMERUS.
1220 1092 1359 1156 Qua
1375 1093 1447 1144 de
1464 1108 1544 1153 re,
1562 1092 1664 1145 ubi
1681 1092 2030 1145 rescribendi
2047 1096 2234 1145 otium
2251 1109 2386 1145 nac·

179 1172 273 1218 tus
298 1165 484 1225 fuere,
514 1164 705 1229 ipsum
731 1164 980 1217 candide
1007 1165 1330 1216 admonere
1357 1163 1639 1216 constitui.
1671 1164 1725 1215 Is
1751 1164 1944 1216 nostra
1969 1164 2209 1229 plurimi
2234 1164 2386 1224 facit,

179 1239 266 1289 uti
279 1252 403 1289 non
416 1236 618 1289 saltem
634 1251 707 1288 ex
719 1235 812 1287 his
826 1235 1023 1296 literiS,
1038 1235 1135 1288 sed
1150 1242 1205 1287 et
1219 1251 1292 1287 ex
1306 1235 1428 1300 ipsa
1441 1236 1832 1301 redintegrata
1842 1242 2178 1300 temporum
2190 1251 2387 1287 emen-

180 1309 418 1361 datione
438 1323 629 1372 nuper
647 1307 945 1373 publicata
963 1307 1163 1372 liquet,
1183 1310 1247 1358 in
1268 1308 1388 1371 qua
1406 1322 1572 1359 meas
1587 1306 2103 1371 AEquinoctiorum
2123 1307 2387 1359 observa-

180 1383 387 1439 tiones,
409 1395 558 1444 quas
573 1379 837 1431 Danicas
851 1386 1022 1431 vocat
1042 1377 1197 1445 (som
1220 1379 1325 1431 vel
1342 1376 1652 1446 forskyldt
1670 1393 1744 1431 er
1760 1394 1797 1430 a
1817 1378 2165 1443 quibusdam
2179 1378 2387 1439 DaniS,

90 1467 168 1511 1⁵·1·
183 1454 275 1504 att
299 1452 375 1504 de
391 1449 616 1517 skulde
633 1448 748 1516 saa
773 1447 1007 1515 kaldis)
1032 1450 1206 1515 supra
1230 1450 1388 1501 istius
1409 1449 1842 1502 HIPPARCHI
1862 1452 2105 1502 inventa
2127 1450 2285 1514 (quae
2305 1457 2387 1501 ta-

180 1538 320 1575 men
335 1529 391 1575 et
404 1522 844 1574 PTOLOMAEI
863 1528 918 1574 et
935 1524 1207 1574 omnium
1220 1527 1487 1573 veterum
1507 1521 1918 1573 traditionibus
1938 1520 2194 1586 praefert)
2215 1521 2389 1586 longe

182 1593 393 1646 evehit.
424 1594 641 1646 Utrum
669 1593 846 1658 ipfius
875 1593 973 1645 hic
999 1593 1276 1653 censurae,
1307 1595 1410 1658 qui
1436 1608 1562 1644 rem
1587 1593 1876 1657 ponderat
1902 1600 2079 1657 atque
2106 1592 2387 1657 intelligit,

180 1668 376 1730 potius
401 1665 671 1717 standum
696 1664 775 1726 fit,
803 1680 986 1729 quam
1006 1665 1209 1717 Curiae
1231 1664 1491 1730 Magistri
1512 1664 1672 1729 apud
1691 1680 1814 1726 VOS,
1843 1666 1946 1729 qui
1971 1664 2189 1716 horum
2211 1663 2389 1728 plane

181 1737 343 1789 rudis
364 1736 439 1788 est
460 1743 515 1788 et
534 1736 620 1788 nil
639 1735 745 1787 nifi
761 1739 1044 1800 pecunias
1057 1736 1324 1797 somniat,
1340 1752 1409 1788 ac
1423 1736 1786 1788 Rusticorum
1802 1751 1984 1800 opera
1997 1735 2389 1787 Astronomiae

86 1825 133 1860 20
183 1815 238 1860 et
257 1808 732 1872 Iurisprudentiae
758 1807 1049 1860 anteferre
1075 1823 1201 1859 non
1227 1807 1522 1867 erubescit,
1549 1807 1653 1859 tibi
1681 1813 1736 1859 et
1761 1807 1893 1872 alijs
1919 1806 2135 1871 absque
2155 1806 2388 1872 glauco-

180 1886 339 1932 mate
358 1882 672 1944 negocium
691 1878 1220 1943 introspicientibus
1241 1878 1651 1931 aestimandum
1670 1878 1960 1943 relinqu0.
1983 1878 2037 1930 Is
2058 1878 2208 1930 adeo
2228 1878 2389 1930 laeta-

180 1957 275 2003 tus
296 1950 387 2012 est,
410 1951 651 2015 quando
664 1949 1252 2003 TENGNAGLIUS
1270 1966 1407 2002 cum
1420 1952 1568 2002 meis
1582 1950 1753 2001 illum
1767 1950 2000 2009 accessit‚
2022 1956 2086 2001 ut
2105 1965 2229 2014 prae
2249 1965 2388 2014 gau-

182 2022 281 2074 dio
302 2022 566 2083 exilierit,
589 2029 644 2074 et
664 2021 915 2086 quodvis
934 2021 1321 2073 humanitatis
1337 2021 1601 2073 officium
1614 2021 1885 2085 adeoque
1902 2023 2236 2086 pecuniam,
2257 2020 2298 2072 fi
2319 2022 2391 2072 ea

183 2093 582 2145 destitueretur
609 2093 792 2158 (quod
818 2093 967 2145 alias
992 2094 1339 2145 rarissimum
1365 2092 1462 2156 est)
1485 2093 1571 2144 illi
1592 2092 1881 2151 obtulerit,
1908 2091 2177 2156 nihilque
2203 2094 2390 2157 magis

87 2182 134 2216 25
182 2168 246 2217 in
265 2167 416 2217 votis
439 2164 662 2224 habuit,
690 2180 872 2229 quam
892 2171 956 2216 ut
976 2180 1012 2216 a
1032 2165 1271 2216 Batavis
1292 2167 1527 2216 accirer.
1556 2164 1815 2229 Ideoque
1835 2166 1898 2215 in
1917 2170 2111 2228 partes
2133 2163 2388 2228 Impera-

69 2246 151 2289 30r
182 2238 324 2288 toris
342 2239 543 2288 minus
562 2231 931 2304 in-ssclinavit.
954 2236 1024 2287 Et
1044 2251 1180 2287 cum
1200 2236 1272 2287 de
1292 2235 1564 2300 pollicitis
1578 2236 1862 2300 Principis
1877 2234 2266 2297 MAURITIJ,
2289 2237 2390 2299 qui

184 2310 362 2361 etiam
381 2306 530 2359 mihi
546 2307 904 2360 Germanice
925 2307 1250 2359 admodum
1270 2307 1611 2359 humaniter
1627 2306 1853 2372 scripfit,
1869 2322 1937 2358 ac
1951 2306 2390 2358 BARNEFEL-

183 2379 296 2442 DIJ
308 2379 602 2431 nonnulla
613 2378 698 2430 illi
709 2378 976 2431 retulisset
984 2378 1498 2439 FRANCISCUS‚
1507 2377 2219 2437 subiunxitSCALIGER,
2231 2377 2392 2430 lenta

183 2451 506 2503 admodum
535 2451 639 2502 esse
665 2449 906 2503 illorum
933 2450 1187 2502 confilia.
1218 2450 1332 2502 Sed
1357 2450 1413 2502 se
1440 2465 1542 2502 eos
1568 2449 2038 2510 adhortaturum,
2068 2455 2132 2501 ut
2159 2455 2390 2501 mature

88 2539 135 2574 3ο
183 2538 310 2574 rem
335 2528 528 2587 agant,
557 2528 611 2574 et
636 2537 732 2574 me
760 2537 831 2573 eo
857 2521 1197 2587 pertrahere
1222 2521 1540 2574 elaborent.
1569 2521 1834 2574 Omnino
1856 2523 2018 2573 enim
2038 2526 2307 2585 oportere
2328 2527 2392 2572 ut

184 2594 440 2654 BataviS‚
461 2609 587 2645 non
606 2593 739 2659 alijs
759 2593 982 2646 cedam.

256 2664 394 2728 Qua
412 2680 555 2716 vero
577 2664 889 2717 clementia
909 2671 964 2716 et
983 2665 1339 2730 benignitate
1359 2662 1588 2717 Elector
1609 2663 1978 2717 Colonienfis
2001 2663 2126 2728 (qui
2142 2662 2391 2715 Caesaris

183 2739 378 2800 potius
403 2742 598 2800 partes
623 2735 736 2788 hac
757 2738 820 2788 in
839 2752 902 2788 re
922 2742 1133 2796 tuetur,
1160 2743 1224 2788 ut
1246 2743 1300 2788 et
1319 2735 1406 2799 tu)
1435 2751 1575 2787 eum
1601 2738 1908 2800 exceperit,
1929 2735 2121 2786 verbis
2140 2734 2274 2786 satis
2294 2750 2390 2786 ex-

183 2810 436 2872 primere
463 2823 588 2859 non
612 2807 807 2872 potest.
836 2807 1053 2860 Manfit
1079 2807 1239 2872 apud
1264 2807 1453 2872 ipsum
1479 2807 1661 2872 usque
1687 2809 1751 2859 in
1777 2814 2050 2871 quartam
2070 2805 2390 2858 hebdoma-

90 2895 136 2930 35
185 2878 341 2939 dam,
374 2878 610 2944 singulis
641 2894 793 2944 pene
823 2878 1029 2931 diebus
1058 2879 1134 2930 ad
1163 2878 1446 2930 secretum
1476 2882 1602 2930 eius
1632 2878 1998 2942 colloquium
2029 2892 2133 2941 per
2165 2876 2392 2941 aliquot

185 2949 364 3002 horas
377 2957 638 3011 vocatuS,
659 2951 810 3002 adeo
824 2957 889 3002 ut
903 2950 1369 3002 consiliariorum
1382 2950 1620 3002 suorum
1636 2949 2136 3014 interpellationes
2150 2947 2390 2999 subinde

186 3023 259 3072 ea
280 3021 352 3072 de
376 3022 564 3073 caussa
590 3024 878 3082 averterit,
905 3021 1093 3074 multa
1118 3021 1444 3081 sciscitatus,
1471 3021 1660 3072 multa
1686 3020 1993 3085 respondit,
2020 3019 2200 3072 libros
2225 3034 2391 3070 meos

186 3092 490 3157 diligenter
510 3092 742 3153 evolvit,
763 3092 1050 3153 laudavit;
1076 3092 1284 3157 scripta
1304 3096 1482 3144 etiam
1503 3107 1876 3156 quaecunque
1897 3089 2391 3143 FRANCISCUS

187 3179 260 3215 ex
273 3165 421 3215 meis
435 3163 630 3215 secum
647 3162 870 3224 habuit,
888 3165 965 3216 ad
981 3164 1036 3215 se
1054 3167 1286 3228 recepit,
1307 3179 1501 3228 pauca
1514 3163 1751 3215 restituit
1764 3178 1874 3214 nec
1889 3178 1961 3214 ea
1974 3161 2080 3213 nifi
2094 3161 2390 3226 descripta,

92 3251 139 3286 ιο
187 3235 338 3287 adeo
368 3241 432 3286 ut
460 3250 535 3286 ne
566 3234 925 3287 carminibus
957 3235 1198 3299 quidem
1230 3238 1293 3286 in
1323 3238 1442 3287 mei
1474 3238 1723 3300 gratiam
1755 3235 2120 3286 concinnatis
2151 3248 2391 3297 parcere

187 3307 456 3365 voluerit,
476 3305 807 3358 occafiones
821 3306 1012 3358 abitus
1026 3309 1145 3358 mei
1160 3322 1191 3358 e
1207 3306 1409 3358 Dania
1423 3322 1546 3358 non
1560 3306 1678 3357 fine
1693 3306 2083 3357 admiratione
2099 3304 2390 3369 expendit,

188 3384 243 3429 et
270 3375 681 3441 percunctatus
710 3377 1236 3430 FRANCISCUM
1267 3384 1557 3442 quantum
1586 3378 1645 3428 id
1674 3376 1863 3437 fuerit,
1895 3375 2054 3440 quod
2082 3375 2198 3427 istic
2225 3382 2390 3438 quot-

2217 3461 2390 3498 annis
