2678 4022
249 323 554 376 TYCHO
581 323 702 375 AD
730 322 1062 375 IOSEPH.
1091 321 1667 375 SCALIGERUM
1695 323 1758 374 14
1785 321 2047 374 MART.
2076 322 2221 374 1598
2294 321 2362 373 33

165 465 478 530 utrobique
498 465 760 517 medium
773 461 1220 528 AEquinoclium
1241 465 1610 528 capiendum,
1632 471 1695 516 ut
1714 467 2004 516 intricatio
2025 480 2112 524 ea,
2135 479 2270 528 quae
2292 479 2364 515 ex

165 537 415 602 Apogaei
430 542 486 588 et
499 536 951 587 Eccentricitatis
971 538 1299 587 mutatione
1320 539 1606 599 provenit,
1627 542 2048 599 praecaveatur.
2071 535 2365 588 Conducit

167 610 345 660 etiam
376 605 861 668 ALBATEGNIJ
897 606 1194 659 Aratenfis
1230 607 1608 658 intermedias
1645 607 2095 659 Observationes
2129 609 2192 658 in
2228 621 2363 658 con-

165 678 356 730 filium
381 677 678 730 adhibere.
707 677 939 741 Quibus
966 677 1241 729 omnibus
1267 680 1373 729 rite
1401 677 1664 741 expenfis
1689 684 1742 729 et
1766 677 2027 730 adhibita
2047 681 2110 729 in
2130 677 2365 742 fingulis

70 758 124 800 1v
167 749 412 808 cautela,
452 749 612 813 quod
645 744 666 816 ΙΙ
698 748 1032 814 parallaxin
1068 751 1127 809 Θ
1163 751 1314 800 inter
1347 748 1775 800 observandum
1807 747 2186 813 AEquinoctia
2218 749 2365 800 forte

165 820 543 886 neglexerint,
570 827 748 884 atque
771 819 864 871 his
888 822 1066 871 etiam
1085 819 1428 883 AEquatoris
1453 819 1900 871 inclinationem
1920 836 2044 872 non
2062 820 2196 872 satis
2215 819 2364 871 scru-

164 891 366 956 pulose
395 891 759 956 applicarint,
790 891 1116 943 dummodo
1144 907 1218 942 ex
1243 891 1551 943 altitudine
1582 893 1640 951 Ε)
1671 891 2002 943 meridiana
2026 894 2090 943 in
2115 897 2365 955 utroque

165 963 395 1014 solstitio
410 962 536 1014 Poli
550 962 962 1015 sublimitatem
976 965 1172 1014 rimati
1186 962 1332 1023 sunt,
1349 962 1725 1014 existimarim
1737 963 1808 1014 de
1819 961 2190 1027 Alphonfina
2201 963 2366 1014 Anni

167 1036 490 1098 quantitate
510 1033 787 1085 nonnihil
807 1033 1002 1086 adhuc
1023 1034 1395 1094 decessurum,
1416 1036 1498 1085 ita
1512 1040 1576 1085 ut
1589 1036 1689 1084 vix
1708 1034 1777 1085 49
1797 1037 2029 1085 minuta
2048 1033 2202 1085 ultra
2221 1036 2364 1085 inte-

76 1119 153 1163 ιο-ι·
166 1121 298 1171 gras
318 1105 498 1157 horas
519 1105 754 1170 explere
774 1106 949 1170 possit,
970 1105 1193 1157 nedum
1210 1120 1282 1156 ea
1298 1107 1361 1156 in
1377 1105 1411 1156 6
1429 1105 1509 1156 H.
1526 1104 1844 1156 excederet.
1867 1105 1928 1157 Si
1943 1107 2142 1169 itaque
2158 1120 2366 1156 omnes

167 1192 316 1241 quas
350 1175 534 1228 habes
567 1176 1001 1229 observationes
1032 1175 1448 1240 Hipparcheas
1479 1183 1600 1228 tam
1633 1178 1696 1227 in
1728 1173 2107 1240 AEquinoc'tio
2139 1175 2368 1227 vernali

155 1263 350 1313 ,quam
364 1247 697 1300 autumnali
711 1250 775 1299 in
787 1247 1033 1300 Tabella
1046 1247 1282 1299 discrete
1298 1247 1585 1311 expofitas
1607 1246 1974 1310 (annotando
1989 1247 2208 1311 ubique
2224 1262 2367 1311 qua-

166 1319 237 1371 lis
258 1319 354 1371 iste
375 1334 570 1371 annus
589 1319 762 1371 fuerit
782 1317 1041 1383 respeclu
1062 1319 1278 1370 bissexti
1298 1318 1536 1381 Iuliani)
1563 1334 1799 1370 mecum
1820 1321 2366 1377 communicaveriS‚

168 1389 321 1443 dabo
348 1405 608 1455 operam,
636 1397 700 1442 ut
724 1390 854 1442 haec
881 1405 1017 1442 cum
1043 1389 1247 1441 nostris
1273 1390 1519 1441 ulterius
1546 1389 1761 1442 collata
1787 1388 2057 1442 exadtum
2078 1389 2219 1453 quid
2244 1405 2369 1440 non

76 1477 119 1511 15
167 1468 397 1514 tantum
417 1477 579 1514 anno
595 1461 788 1521 Civili,
809 1462 905 1514 sed
925 1468 980 1513 et
999 1461 1408 1513 Astronomico
1427 1460 1818 1526 praefiniendo
1837 1460 2216 1525 suppeditent.
2239 1461 2309 1511 Et
2328 1459 2370 1511 fi

167 1532 365 1598 plures
390 1535 454 1584 in
478 1539 755 1597 promptu
779 1533 883 1585 tibi
907 1532 1038 1584 sunt
1056 1532 1436 1584 vetustissimae
1457 1529 1974 1596 AEquinoc'tiorum
2002 1531 2368 1584 Observatio-

167 1619 289 1663 neS,
311 1603 672 1669 diligentiam
692 1604 958 1668 aliquam
977 1604 1324 1664 redolenteS,
1347 1619 1447 1655 eas
1469 1606 1647 1655 etiam
1662 1606 1792 1668 pari
1804 1603 1985 1655 modo
1999 1605 2367 1668 impertiaris,

168 1674 543 1740 quaes0.Tum
555 1690 793 1739 quoque
805 1675 877 1727 de
886 1674 1130 1739 Epocha
1140 1676 1529 1739 antiquissima
1539 1675 1642 1727 illa
1654 1675 1910 1735 Iudaica,
1921 1674 2368 1739 quandoAEqui-

167 1744 430 1798 noctium
450 1746 544 1798 die
564 1746 635 1797 21.
650 1746 872 1810 Aprilis
890 1746 988 1798 sex
1006 1746 1169 1798 horis
1189 1762 1226 1798 a
1246 1746 1500 1798 Meridie
1521 1747 1752 1798 extitisse
1773 1746 2040 1805 creditur,
2062 1745 2103 1796 fi
2123 1745 2264 1809 quid
2283 1747 2368 1796 in-

73 1832 120 1867 20
169 1817 416 1869 dubitati
441 1816 641 1878 habeS‚
668 1818 828 1869 unde
853 1817 912 1869 id
938 1818 1175 1882 probari
1201 1824 1393 1882 queat,
1422 1824 1476 1869 et
1502 1818 1578 1869 ad
1604 1833 1783 1881 quem
1805 1817 2203 1868 meridianum
2225 1815 2368 1867 refe-

168 1888 421 1940 rendum
433 1888 513 1950 fit,
529 1895 705 1953 atque
717 1889 1019 1953 quomodo
1033 1888 1129 1940 hic
1143 1904 1338 1940 annus
1353 1888 1428 1940 ad
1442 1888 1741 1940 bissextum
1755 1887 1867 1939 sese
1882 1887 2168 1948 habuerit,
2184 1903 2368 1951 quan-

167 1966 414 2024 tumque
435 1960 509 2012 ab
529 1959 682 2012 hisce
701 1960 1065 2024 temporibus
1086 1962 1230 2011 citra
1249 1974 1491 2011 omnem
1511 1959 1954 2024 ambiguitatem
1974 1959 2243 2018 distiterit,
2273 1974 2367 2009 ex-

168 2046 326 2096 pone
347 2037 402 2082 et
420 2030 655 2095 plenius
675 2031 747 2083 de
768 2031 860 2082 his
881 2030 1174 2091 omnibuS,
1196 2046 1332 2095 quae
1353 2046 1390 2082 a
1408 2037 1464 2082 te
1485 2029 1742 2091 collecta,
1769 2045 2005 2081 mecum
2027 2045 2131 2094 per
2150 2029 2370 2080 litteras

169 2117 342 2167 agere
356 2117 481 2153 non
495 2102 830 2168 degravare.
853 2103 974 2154 Erit
987 2102 1046 2153 id
1060 2102 1209 2153 mihi
1221 2102 1395 2166 longe
1411 2102 1802 2167 gratissimum.
1825 2101 2122 2165 Quicquid
2134 2101 2370 2152 vicissim

75 2188 121 2222 25
169 2189 306 2226 mea
325 2173 522 2238 opella
540 2173 797 2237 praestari
817 2180 1010 2238 queat,
1033 2173 1192 2238 quod
1211 2173 1315 2224 tibi
1335 2179 1641 2237 acceptum
1660 2172 1740 2233 fit,
1767 2171 2010 2224 habebis
2029 2187 2126 2223 me
2146 2171 2371 2235 semper

171 2260 244 2297 ex
254 2251 410 2296 voto.
426 2244 579 2296 Fieri
593 2250 793 2296 autem
806 2244 1001 2309 potest,
1017 2250 1080 2296 ut
1093 2243 1387 2296 nonnulla
1400 2243 1616 2295 horum
1630 2246 1694 2295 in
1707 2243 1821 2295 hoc
1835 2243 1984 2295 libro
1998 2250 2100 2294 tuo
2117 2242 2369 2294 elucida-

168 2318 339 2377 veriS,
362 2331 498 2380 quae
519 2315 714 2368 adhuc
735 2315 1040 2381 explorata
1058 2331 1183 2367 non
1202 2314 1413 2367 habe0.
1436 2315 1597 2366 Nam
1616 2314 1765 2366 mihi
1785 2320 2055 2366 accurate
2074 2329 2213 2365 eum
2227 2313 2370 2364 rele-

170 2402 304 2452 gere
323 2387 596 2452 plurimae
618 2389 1036 2451 occupationes
1056 2386 1327 2438 nondum
1345 2386 1747 2450 permiserunt.
1768 2386 1950 2437 Porro
1965 2384 2173 2437 referet
2187 2383 2371 2436 dictus

171 2458 508 2511 adolescens
529 2458 807 2523 quaedam
826 2458 902 2510 ad
922 2465 978 2510 te
998 2473 1133 2510 meo
1160 2460 1403 2509 nomine
1429 2457 1662 2517 secret0‚
1685 2457 1762 2520 ¹de
1789 2457 2003 2521 quibus
2028 2463 2197 2508 tuum
2224 2455 2370 2506 iudi-

77 2543 123 2578 30
172 2532 330 2581 cium
356 2536 411 2581 et
437 2529 743 2581 confilium
771 2529 1115 2595 cognoscere
1144 2544 1400 2581 averem.
1431 2529 1485 2580 Is
1514 2531 1693 2580 etiam
1721 2527 1909 2593 plura,
1940 2543 2076 2579 cum
2101 2542 2372 2578 mearum

171 2615 371 2652 rerum
387 2600 451 2652 fit
467 2600 746 2661 consciuS,
768 2601 840 2652 de
861 2603 932 2666 ijs
952 2603 1190 2665 aperiet.
1213 2600 1415 2664 Quare
1436 2606 1500 2651 ut
1519 2599 1708 2664 ipsum
1727 2599 1978 2664 benigne
1999 2599 2224 2657 audiaS,
2246 2597 2371 2649 tibi-

173 2687 287 2736 que
309 2672 789 2724 commendatum
808 2671 1048 2733 habeaS,
1070 2674 1248 2724 etiam
1268 2678 1445 2735 atque
1466 2673 1644 2723 etiam
1664 2686 1823 2735 rog0.
1839 2670 1987 2722 Vale
2001 2672 2091 2721 vir
2103 2676 2226 2721 tam
2240 2669 2371 2720 doc-

171 2745 326 2795 trina
346 2758 529 2807 quam
547 2758 760 2808 genere
786 2758 994 2795 revera
1019 2742 1266 2794 illustris,
1294 2741 1608 2794 Dabantur
1627 2741 1813 2793 subito
1832 2740 2279 2804 Wandesburgo
2301 2755 2374 2790 ex

172 2814 326 2866 Arce
341 2814 741 2875 Ranzoviana,
757 2830 893 2879 quae
909 2814 984 2866 est
997 2829 1181 2879 prope
1193 2813 1629 2878 Hamburgum,
1645 2813 1738 2864 die
1750 2812 1823 2864 14.
1837 2812 2037 2876 Martij
2053 2812 2216 2862 Anni
2228 2810 2370 2862 1598.

79 2935 124 2969 3⁵
1144 2919 1379 2972 Illustris
1399 2926 1518 2972 tuae
1539 2918 1786 2984 Magnis.
1808 2917 2087 2970 studiofiss.

1719 2989 1959 3041 TYCHO
1986 2989 2230 3070 BRAl-IE,

1747 3075 1933 3111 manu
1952 3074 2206 3124 propna.
