2652 4022
264 288 356 340 150
796 284 1232 337 EPISTOLAE
1258 284 1927 338 ASTRONOMICAE

264 430 514 482 Cometa
528 430 671 480 anni
686 428 770 488 80,
793 430 894 491 qui
913 433 967 479 et
984 429 1047 478 in
1063 427 1393 479 meridiano
1414 423 1435 495 ΙΙ
1457 434 1511 480 et
1530 430 1593 479 in
1612 428 1682 480 90
1701 427 1886 493 gradu
1906 430 2070 480 iuxta
2089 426 2459 479 horizontem

263 516 387 552 non
412 501 593 552 aliam
619 498 1074 551 declinationem
1099 501 1363 559 mutavit,
1392 515 1573 563 quam
1598 499 1905 564 postulavit
1932 501 2058 550 eius
2085 498 2352 550 alteratio
2376 499 2458 551 di-

263 588 430 632 urna,
463 586 533 622 ex
558 570 901 622 meridianis
928 569 1332 622 altitudinibus
1358 570 1654 622 successive
1681 570 2000 635 explorata,
2031 569 2234 622 habita
2260 576 2460 622 tamen

263 640 624 695 refractionis
638 644 701 693 in
715 641 1016 693 decliviori
1030 641 1136 693 fitu
1149 641 1557 702 insinuatione,
1575 648 1639 693 ut
1656 641 1727 693 de
1744 641 1875 707 alijs
1888 657 2047 693 nunc
2062 640 2213 692 nihil
2226 641 2458 693 addam.

262 714 485 765 Verum
510 712 620 764 has
647 711 1125 764 confirmationes
1146 728 1182 765 a
1200 712 1466 777 pluribus
1488 712 1751 765 Cometis
1776 715 1984 777 petitas
2010 711 2205 776 postea
2226 711 2458 764 subiun-

261 800 394 849 gere
415 784 622 844 licebit,
643 783 1000 836 indicatione
1021 783 1224 848 aliqua
1243 786 1404 848 prius
1425 782 1575 836 facta
1595 786 1658 835 in
1677 782 2077 848 Antapologia
2094 792 2214 843 tua,
2236 799 2356 847 qua
2374 786 2459 835 in-

261 854 556 919 trospecta,
578 854 823 907 ulterius
844 855 985 920 quid
1004 854 1248 907 sentiam
1268 855 1423 915 scieS‚
1446 855 1605 919 quod
1622 855 1866 906 mallem
1882 854 2151 919 praesenti
2169 860 2460 914 oretenus,

263 942 445 990 quam
477 926 696 978 absenti
727 942 832 991 per
862 926 1059 978 literas
1091 927 1368 978 indicare.
1402 926 1495 977 De
1523 925 1694 977 bruto
1725 924 2116 977 Dithmarfico
2145 940 2269 977 non
2299 925 2373 977 ob
2402 925 2462 977 id

261 997 464 1061 scripsi,
487 998 645 1062 quod
666 1013 702 1049 a
721 1004 776 1049 te
797 998 1271 1062 redargutionem
1292 997 1727 1049 calumniarum
1749 999 1875 1048 eius
1896 1002 2245 1061 expeterem,
2266 1011 2461 1061 neque

263 1072 422 1120 enim
449 1069 658 1134 dignus
685 1068 781 1129 est;
808 1069 904 1121 sed
929 1068 1131 1121 saltem
1150 1076 1214 1120 ut
1235 1069 1545 1120 denotares
1566 1068 1750 1120 obiter
1770 1071 1833 1119 in
1853 1067 2057 1120 charta
2079 1067 2298 1132 aliqua,
2326 1083 2461 1132 quae

262 1156 298 1192 a
317 1140 521 1191 nostris
542 1139 865 1192 domesticis
886 1140 957 1192 de
977 1140 1172 1205 plagio
1194 1143 1320 1191 eius
1340 1139 1688 1199 inaudivisti,
1707 1139 2214 1203 quemadmodum
2226 1138 2361 1191 fecit
2375 1139 2461 1190 M.

264 1211 804 1264 CHRISTIANUS
836 1211 1239 1263 IOHANNIS
1272 1210 1546 1276 RipenIiS,
1580 1210 1832 1262 alterum
1864 1210 2131 1275 expediet
2157 1210 2230 1262 D.
2253 1209 2327 1262 D.
2355 1209 2462 1262 10-

262 1282 601 1335 HANNES
639 1282 1236 1342 ROTHMANNUS‚
1276 1284 1361 1333 uti
1398 1297 1606 1333 manes
1644 1281 1836 1333 fratris
1868 1279 2124 1333 defuncti
2155 1280 2461 1346 postulant.

264 1354 693 1406 Constitueram
719 1353 816 1405 hic
843 1354 1014 1406 edere
1041 1353 1137 1405 sex
1162 1353 1296 1405 illos
1317 1356 1750 1417 quaternioneS‚
1780 1355 1882 1417 qui
1902 1355 1965 1403 in
1985 1354 2026 1414 ζ(
2050 1352 2462 1411 defiderantur,

262 1431 438 1489 atque
470 1425 543 1477 fic
574 1424 832 1477 Tomum
863 1427 1122 1489 primum
1153 1424 1739 1490 Progymnasmatum
1770 1423 2086 1483 absolvere,
2119 1430 2183 1475 ut
2214 1425 2278 1474 in
2308 1423 2462 1475 hisce

262 1496 779 1548 Francofurdianis
798 1496 1080 1548 nundinis
1100 1495 1328 1547 venalis
1350 1502 1547 1547 extare
1570 1496 1745 1559 possit,
1774 1502 1828 1547 et
1854 1497 1975 1546 iam
2001 1493 2314 1546 inchoatus
2341 1500 2464 1546 erat

261 1567 429 1619 labor
466 1567 564 1619 ille
602 1567 1100 1633 TypographicuS,
1139 1566 1445 1631 postquam
1482 1581 1774 1632 papyrum
1811 1581 2010 1617 meam
2048 1566 2464 1630 impressoriam

261 1639 706 1704 Wanderurgo
734 1654 1093 1702 acceperam.
1121 1638 1345 1689 Verum
1372 1638 1514 1689 dum
1541 1637 1747 1701 Eclipfi
1774 1639 1814 1699 (ζ
1844 1637 1938 1688 die
1964 1637 2175 1688 ultimo
2202 1637 2460 1702 Ianuarij

262 1709 566 1774 diligenter
585 1710 682 1761 hic
701 1726 805 1775 per
823 1725 960 1761 mea
979 1709 1360 1760 instrumenta
1380 1708 1635 1768 attend0‚
1658 1707 2019 1772 deprehendi
2040 1710 2167 1760 eius
2188 1703 2209 1776 n
2228 1710 2464 1759 initium

261 1797 365 1845 per
383 1783 413 1835 -ἓΓ
431 1784 609 1832 unius
629 1780 795 1833 horae
817 1796 997 1845 quam
1017 1783 1286 1845 proxime
1307 1779 1601 1832 calculum
1620 1789 1988 1844 praevertere,
2008 1779 2261 1844 ideoque
2278 1795 2315 1831 a
2331 1794 2462 1843 pro-

261 1851 444 1916 pofito
465 1852 661 1913 destiti,
683 1852 871 1903 donec
890 1851 1029 1903 huic
1050 1852 1372 1903 deviationi
1391 1850 1690 1915 provisum
1709 1851 1898 1903 fuerit.
1927 1850 2050 1903 Scis
2071 1852 2231 1902 enim
2250 1865 2346 1902 me
2367 1866 2463 1902 ex-

261 1921 453 1974 actam
485 1925 783 1987 requirere
816 1923 1315 1983 concordantiam,
1349 1922 1548 1986 quoad
1579 1921 1708 1974 fieri
1736 1923 1910 1986 possit.
1945 1922 2072 1973 Nec
2100 1921 2233 1974 satis
2262 1923 2465 1974 mirari

260 1995 496 2058 possum,
520 1997 622 2059 qui
642 1993 760 2055 fiat,
783 1995 943 2058 quod
959 1994 1194 2058 Eclipfis
1210 1996 1354 2045 anni
1366 1994 1440 2054 81,
1464 1997 1526 2045 in
1540 1994 1820 2045 Ianuario
1838 1996 2016 2045 etiam
2035 1990 2187 2045 facta
2207 1999 2262 2045 et
2281 2008 2464 2058 prope

261 2066 610 2130 Apogaeum‚
641 2072 763 2118 tam
791 2065 942 2118 belle
971 2065 1175 2117 nostris
1204 2067 1468 2117 numeris
1499 2067 1827 2125 conveniat,
1860 2064 1990 2116 haec
2020 2070 2221 2116 autem
2248 2066 2465 2129 pariter

260 2139 425 2188 iuxta
443 2137 778 2202 Apogaeum
799 2144 853 2188 et
874 2137 1084 2189 eodem
1110 2139 1255 2188 anni
1279 2143 1543 2201 tempore
1569 2139 1651 2188 ita
1677 2136 1968 2201 discrepet.
2000 2135 2269 2200 Suspicor
2293 2138 2465 2200 igitur

261 2207 526 2272 aliquam
546 2207 741 2260 adhuc
761 2208 1228 2273 inaequalitatem
1247 2208 1588 2260 Anomaliae
1608 2207 1796 2259 Lunae
1816 2207 2043 2268 subesse,
2065 2222 2200 2271 quae
2220 2206 2342 2272 post
2361 2206 2463 2259 ali-

262 2286 404 2343 quot
424 2295 615 2349 annos
641 2278 876 2344 peracta
897 2279 1209 2344 Eclipfium
1236 2279 1311 2331 ad
1336 2278 1546 2331 fimilia
1570 2277 1754 2330 ferme
1780 2278 1913 2331 loca
1938 2278 2291 2330 restitutione
2317 2293 2464 2343 prae·

260 2350 453 2402 sertim
479 2353 644 2402 iuxta
663 2351 998 2416 Apogaeum
1025 2357 1080 2402 et
1105 2350 1433 2415 Perigaeum
1460 2350 1788 2401 evidentius
1813 2356 2025 2414 pateat,
2054 2365 2174 2414 qua
2199 2349 2271 2401 de
2296 2364 2360 2400 re
2385 2355 2464 2402 te-

262 2437 413 2480 cum,
436 2424 538 2485 qui
559 2437 767 2473 omnes
787 2421 1007 2473 nostras
1029 2421 1280 2485 Eclipses
1301 2421 1604 2486 diligenter
1625 2420 1982 2480 examinasti,
2010 2427 2187 2484 atque
2209 2419 2466 2485 ipsarum

261 2494 572 2544 varietates
598 2491 922 2557 perspectas
947 2491 1147 2552 habeS,
1176 2492 1441 2543 conferre
1468 2507 1723 2553 averem,
1751 2498 1814 2543 ut
1841 2507 1912 2543 eo
1934 2494 2101 2543 citius
2124 2490 2264 2543 huic
2284 2491 2464 2543 obsta-

263 2563 396 2615 culo
426 2563 807 2624 succurratur,
839 2563 999 2627 quod
1027 2562 1198 2615 facile
1227 2562 1355 2614 fieri
1383 2564 1533 2627 posse
1564 2562 1841 2614 existim0.
1873 2562 2019 2615 Sum
2044 2565 2108 2613 in
2134 2562 2265 2627 aliJ's
2290 2562 2466 2614 rebus

262 2635 740 2699 occupatissimuS‚
774 2641 838 2686 ut
869 2634 1001 2686 satis
1034 2634 1173 2686 huic
1203 2633 1580 2698 disquifitioni
1608 2649 1821 2686 vacare
1853 2649 2166 2698 nequeam.
2201 2633 2262 2685 Si
2293 2635 2466 2699 igitur

261 2721 357 2757 me
372 2706 662 2757 accesseris
677 2721 811 2757 cum
826 2708 1032 2770 auriga
1045 2705 1503 2770 Wittebergenfi‚
1525 2705 1625 2757 ubi
1645 2704 1827 2757 isthuc
1847 2704 2110 2757 reversus
2129 2704 2318 2766 fuerit,
2340 2720 2466 2757 rem

260 2776 409 2828 mihi
430 2779 697 2841 apprime
717 2784 942 2842 gratam
963 2792 1072 2828 nec
1091 2777 1195 2828 tibi
1215 2776 1486 2828 inutilem
1506 2776 1848 2841 praestiteris,

333 2848 478 2900 Sum
505 2848 703 2900 denuo
732 2855 1008 2900 evocatus
1034 2848 1283 2913 Pragam
1310 2863 1382 2899 ex
1409 2847 1861 2899 Clementissimo
1890 2846 2139 2899 Caesaris
2164 2847 2464 2908 mandate,

260 2935 365 2983 per
384 2919 581 2972 literas
602 2919 929 2983 amplissimi
949 2919 1197 2970 Domini
1217 2918 1663 2983 Procancellarij
1689 2918 2155 2980 CORADUCIJ‚
2183 2924 2247 2970 ut
2274 2934 2347 2970 ex
2366 2918 2464 2971 ad-

261 2989 459 3043 iuncto
482 2991 805 3055 exemplari
824 2991 1011 3050 vides;
1033 2985 1054 3058 ΙΙ
1076 2997 1131 3042 et
1150 3005 1296 3054 paro
1310 3005 1470 3041 nunc
1485 2992 1689 3042 omnia
1703 2990 1779 3041 ad
1793 2992 1917 3051 iter,
1939 2990 2100 3054 quod
2113 2996 2314 3041 tamen
2327 2996 2464 3042 ante

261 3061 481 3114 Pascha
500 3062 727 3127 ingredi
746 3077 870 3114 non
889 3061 1082 3113 licebit
1103 3061 1177 3113 ob
1200 3077 1493 3125 aquarum
1513 3063 1762 3113 nimiam
1783 3064 2033 3126 copiam,
2054 3060 2360 3126 postquam
2379 3063 2465 3112 ni-

261 3148 363 3184 ves
389 3132 574 3185 subito
602 3133 880 3185 dissolutae
906 3132 1051 3193 sunt,
1078 3135 1206 3184 vias
1233 3131 1607 3184 difficillimas
1639 3139 1693 3184 et
1721 3131 2077 3197 periculosas
2106 3131 2463 3184 reddentem.

262 3203 323 3256 Si
344 3203 601 3260 adfueris
623 3211 677 3256 et
697 3219 793 3255 me
816 3206 1082 3256 comitari
1102 3203 1351 3264 libuerit,
1380 3203 1533 3255 dabo
1555 3219 1815 3267 operam,
1843 3210 1906 3255 ut
1925 3206 2040 3255 tuis
2060 3202 2234 3255 rebus
2254 3201 2465 3255 rectius

263 3274 613 3335 consulatur,
641 3291 823 3340 quam
848 3275 1076 3340 uspiam
1102 3274 1259 3334 alibi,
1287 3274 1371 3326 fin
1393 3290 1535 3326 vero
1562 3274 1659 3326 1116
1685 3290 1928 3326 manere
1949 3281 2051 3326 aut
2070 3274 2258 3326 redire
2284 3273 2466 3325 isthuc

262 3348 468 3406 maviS‚
498 3348 604 3397 erit
625 3353 679 3398 et
698 3346 812 3398 hoc
831 3346 935 3398 tibi
953 3346 1222 3399 liberum.
1251 3345 1372 3411 Ego
1399 3348 1514 3397 tuis
1541 3346 1867 3398 commodis
1891 3359 2248 3410 quocunque
2267 3343 2464 3404 modo,

2057 3422 2465 3480 quantumque

2506 437 2560 480 lv

2509 729 2531 764 5

2515 1084 2558 1119 10

2516 1440 2558 1475 15

2514 2508 2561 2543 30

2515 2863 2562 2898 35

2507 2997 2565 3040 2v

2513 3218 2560 3253 40
