2652 4022
263 309 368 360 262
797 304 1235 357 EPISTOLAE
1262 305 1932 358 ASTRONOMICAE

264 450 407 501 dens
435 450 509 500 ad
535 464 630 499 me
658 448 870 507 dedisti,
898 463 1211 512 nunquam
1238 451 1568 512 conquievi,
1597 452 1742 512 quin
1763 449 1833 500 de
1854 454 1908 499 te
1931 454 1985 499 et
2004 454 2243 500 tuarum
2266 464 2464 500 rerum

262 522 407 572 statu
426 520 641 571 solicite
664 519 1046 583 quaefiverim.
1069 520 1229 571 Nam
1249 519 1553 584 postremae
1573 526 1708 579 tuae,
1731 535 1866 583 quae
1886 519 2035 570 mihi
2055 534 2295 571 omnem
2315 519 2463 571 scru-

263 592 471 656 pulum
493 593 748 642 eximere
771 591 1075 650 debebant,
1098 606 1186 642 eae
1202 607 1344 642 vero
1366 594 1738 643 incertiorem
1751 607 1846 642 me
1861 597 2099 642 tuarum
2120 605 2319 642 rerum
2338 591 2463 642 red-

263 664 549 714 diderunt.
587 663 845 725 Nanque
880 677 952 713 ex
983 661 1097 713 illis
1127 677 1321 726 neque
1349 662 1588 726 quando
1616 662 1931 713 constiteris
1961 677 2156 725 neque
2182 662 2284 714 ubi
2311 661 2465 714 lares

261 734 538 798 posueriS‚
566 733 838 797 colligere
864 736 1045 797 potui.
1075 734 1405 798 Nunquam
1430 741 1631 785 tamen
1651 733 1725 785 ab
1747 749 1818 785 eo
1838 740 2102 797 tempore
2130 732 2309 785 destiti
2337 749 2463 798 per·
2514 753 2536 787 5

263 804 540 856 contandi
567 805 638 856 de
664 811 735 863 te,
763 804 1082 869 praesertim
1110 820 1296 869 quum
1323 805 1567 869 quidam
1592 811 1647 856 te
1668 808 1731 856 in
1751 804 1952 856 Silefia
1973 805 2075 855 esse
2098 810 2153 855 et
2171 804 2252 856 ibi
2271 803 2465 856 sedem

261 876 634 927 fortunarum
663 883 902 927 tuarum
931 876 1185 936 statuisse,
1219 882 1340 927 tam
1370 876 1695 927 constanter
1724 875 2102 934 affirmarent,
2136 881 2200 926 ut
2231 875 2335 927 soli
2363 881 2466 927 tua

261 950 495 1012 negotia
515 947 654 998 scire
676 954 731 998 et
752 962 958 999 curare
977 947 1331 999 viderentur.
1356 947 1659 1011 Quamdiu
1681 947 1767 999 M.
1785 946 2324 999 CHRISTIANUS
2345 946 2465 998 Da-

262 1035 390 1079 nuS,
412 1021 501 1070 vir
522 1021 778 1083 optimus
800 1025 854 1070 et
873 1021 960 1070 tui
979 1018 1416 1078 RudiofissimuS‚
1445 1018 1541 1070 hic
1567 1018 1691 1079 fuit,
1720 1018 1922 1082 aliqua
1947 1018 2072 1082 spes
2096 1018 2465 1082 relinqueba-

260 1097 354 1142 tur
374 1096 476 1141 aut
495 1106 659 1141 meas
679 1090 877 1142 literas
898 1089 973 1142 ad
994 1096 1048 1141 te
1069 1096 1194 1141 tuto
1216 1090 1411 1150 dandi,
1439 1097 1541 1142 aut
1567 1095 1698 1141 tuas
1726 1090 2011 1141 eliciendi.
2040 1089 2153 1141 Sed
2178 1089 2277 1141 ille
2303 1091 2465 1154 prius
2520 1107 2562 1143 10

262 1161 507 1222 discessit,
530 1177 711 1225 quam
731 1161 1048 1225 postremas
1062 1168 1194 1213 tuas
1209 1164 1550 1225 acciperem.
1573 1161 1751 1212 Nunc
1767 1177 1870 1221 eae,
1893 1176 2042 1225 quas
2056 1160 2234 1212 hodie
2249 1163 2464 1224 accepi,

262 1239 498 1285 centum
512 1235 744 1298 triginta
759 1233 963 1285 diebus
977 1232 1282 1297 postquam
1298 1233 1450 1284 datae
1468 1232 1613 1292 sunt,
1636 1235 1882 1284 omnino
1902 1233 2152 1284 bearunt
2171 1247 2284 1293 me,
2307 1231 2466 1296 quod

260 1320 356 1356 me
373 1307 537 1356 omni
552 1320 693 1356 cura
707 1304 778 1356 de
793 1311 864 1364 te,
887 1319 1022 1368 quae
1036 1319 1132 1355 me
1148 1307 1395 1355 anxium
1415 1303 1684 1364 habebat,
1706 1304 2044 1364 liberarunt,
2067 1319 2253 1367 quum
2273 1301 2465 1355 hacte-

261 1392 374 1427 nus
394 1376 714 1440 penderem
736 1378 955 1436 anim0‚
978 1391 1096 1439 quo
1117 1382 1405 1427 terrarum
1426 1390 1591 1426 meas
1606 1376 1681 1427 ad
1695 1382 1750 1426 te
1770 1377 2077 1436 mitterem,
2100 1377 2202 1438 qui
2215 1374 2316 1425 ubi
2330 1390 2465 1426 con-

261 1447 473 1499 fisteres
500 1447 845 1499 nesciebam.
875 1447 1241 1511 Quanquam
1260 1462 1402 1497 vero
1422 1449 1606 1497 virtus
1626 1452 1729 1498 tua
1750 1453 1804 1497 et
1826 1445 2075 1497 eruditio
2098 1447 2318 1497 eximia
2342 1461 2466 1497 non
2520 1465 2562 1500 15

261 1518 390 1570 finit
409 1526 464 1570 te
484 1518 682 1578 latere,
709 1534 904 1582 neque
928 1525 1060 1569 tuas
1081 1533 1173 1569 res
1193 1521 1468 1583 ignorari,
1497 1524 1698 1569 tamen
1717 1523 1882 1569 tanta
1902 1516 1977 1568 est
1997 1516 2266 1568 locorum
2293 1519 2465 1568 inter-

262 1590 502 1654 caped0,
531 1606 666 1654 quae
692 1597 748 1641 te
775 1606 812 1641 a
837 1590 1008 1641 nobis
1036 1589 1255 1649 dividit,
1283 1595 1348 1640 ut
1373 1588 1532 1652 quod
1554 1590 1625 1640 de
1647 1588 1782 1640 Sole
1806 1589 2183 1639 necessarium
2210 1587 2300 1648 est,
2329 1603 2467 1640 eum

261 1664 423 1726 prius
450 1662 609 1725 apud
631 1662 785 1713 ans
812 1664 1100 1721 nationeS,
1129 1676 1311 1724 quam
1332 1659 1649 1724 Hesperias
1670 1662 1826 1718 oriri,
1853 1660 1913 1711 id
1940 1662 2187 1711 omnino
2207 1658 2311 1711 tibi
2330 1675 2466 1711 con-

261 1735 475 1792 veniat,
505 1735 671 1784 cuius
692 1732 885 1783 lucem
906 1732 1076 1783 nobis
1096 1731 1276 1783 serius
1297 1731 1504 1783 sentire
1527 1734 1820 1796 continget
1841 1747 2023 1795 quam
2042 1733 2130 1796 ijs,
2153 1733 2254 1795 qui
2273 1737 2329 1782 te
2349 1730 2466 1783 fru-

261 1811 441 1855 untur
463 1804 685 1868 hospite
708 1810 892 1855 etate
918 1802 1201 1867 praesente
1228 1802 1528 1863 hauriunt,
1557 1803 1717 1867 quod
1743 1818 1853 1854 nos
1879 1802 2028 1866 ipfis‚
2055 1817 2131 1854 ne
2159 1802 2301 1866 quid
2327 1802 2466 1854 dissi-
2517 1821 2563 1856 20

261 1875 500 1935 mulem‚
521 1875 872 1927 invidemus,

334 1947 575 2009 Quanta
594 1962 736 1998 vero
763 1946 966 1997 laetitia
991 1945 1109 1997 istae
1135 1946 1440 2010 postremae
1461 1961 1572 1997 nos
1591 1945 1969 2009 perfuderint,
1997 1960 2120 1996 uno
2140 1944 2321 1997 verbo
2344 1959 2469 1996 non

261 2018 526 2070 dixerim.
549 2018 685 2069 Hoc
699 2033 889 2069 unum
905 2017 1108 2069 credas
1122 2017 1317 2077 velim,
1339 2017 1489 2068 nihil
1502 2017 1651 2068 mihi
1665 2019 1883 2082 gratius
1899 2017 2001 2068 esse
2016 2017 2269 2080 potuisse,
2286 2031 2468 2080 quam

260 2090 363 2141 tibi
384 2092 571 2141 otium
593 2090 894 2154 contigisse‚
918 2089 1077 2154 quod
1099 2095 1154 2140 et
1174 2092 1287 2140 tuis
1308 2089 1505 2153 studijs
1521 2096 1575 2140 et
1590 2089 1854 2153 dignitati
1870 2095 1990 2139 tuae
2012 2088 2466 2139 convenientissi-

261 2177 428 2212 mum
458 2162 599 2214 esset.
631 2161 767 2212 Hoc
795 2163 954 2212 enim
981 2176 1170 2211 unum
1196 2160 1422 2225 semper
1447 2160 1736 2224 spirarunt
1762 2167 1901 2211 vota
1929 2174 2080 2211 mea.
2111 2159 2366 2210 Felicem
2394 2165 2466 2219 te,
2517 2177 2563 2212 25

260 2235 344 2283 mi
369 2231 667 2292 TYCHO,
699 2234 802 2296 qui
830 2248 955 2283 non
983 2231 1172 2283 solum
1202 2231 1538 2283 universam
1566 2232 1869 2296 Europam
1896 2230 2093 2282 testem
2123 2231 2468 2282 eruditionis

260 2310 397 2363 tuae,
421 2303 517 2355 sed
539 2306 717 2355 etiam
739 2303 1035 2355 Caesarem
1056 2302 1366 2362 fautorem,
1394 2303 1740 2361 adiutorem,
1765 2310 1835 2363 et,
1861 2302 2021 2366 quod
2042 2301 2260 2354 coelum
2279 2301 2468 2366 ipsum

261 2374 525 2425 invidere
557 2376 731 2439 possit,
765 2374 1086 2425 studiorum
1115 2374 1336 2425 socium
1365 2372 1571 2426 nactus
1601 2374 1686 2425 fis,
1721 2375 1995 2434 Patriam,
2030 2389 2213 2437 quam
2240 2372 2468 2424 natales

263 2446 559 2505 dederant,
587 2445 893 2504 deseruisti,
921 2451 983 2496 ut
1008 2461 1158 2504 eam,
1187 2461 1368 2509 quam
1390 2444 1654 2498 doctrina
1672 2452 1775 2496 tua
1794 2447 2024 2504 meruit,
2053 2443 2466 2508 adipiscereris,

263 2517 478 2581 Regem
507 2517 676 2568 suum
707 2517 897 2568 Danis
927 2515 1159 2567 Natura
1189 2517 1366 2568 dedit:
1397 2519 1503 2568 uni
1532 2516 1710 2567 Dano
1739 2515 2112 2567 TYCHONI
2141 2518 2325 2566 virtus
2355 2515 2466 2566 Im·
2517 2532 2563 2568 30

262 2595 594 2652 peratorem
615 2588 930 2652 adoptavit.
953 2588 1046 2639 Ab
1069 2587 1253 2638 altero
1267 2595 1322 2639 te
1338 2587 1518 2639 abesse
1534 2587 1856 2639 dolendum
1875 2593 2013 2644 erat,
2034 2586 2141 2637 nifi
2160 2588 2467 2647 maiorem,

263 2662 325 2711 in
352 2675 471 2723 quo
497 2666 637 2711 vota
662 2666 764 2711 tua
791 2658 1282 2722 conquiescerent,
1310 2658 1574 2710 haberes.
1603 2658 1686 2710 Te
1706 2674 1865 2716 vero,
1893 2673 2105 2722 magne
2133 2660 2338 2717 amice,
2364 2673 2469 2722 per

263 2734 355 2782 ius
376 2733 651 2782 amicitiae
672 2730 880 2782 nostrae
903 2746 1025 2790 or0,
1047 2736 1111 2781 ut
1130 2745 1226 2781 me
1247 2730 1318 2781 de
1343 2730 1499 2789 statu,
1525 2729 1778 2781 instituto
1801 2736 1855 2781 et
1874 2732 2102 2781 ratione
2123 2744 2323 2780 rerum
2341 2735 2467 2781 tua-

263 2817 396 2853 rum
417 2802 780 2866 frequentius
802 2804 1109 2853 certiorem
1128 2801 1326 2862 faciaS‚
1349 2817 1424 2852 ne
1447 2803 1647 2865 quain
1667 2801 1959 2864 posterum
1979 2799 2128 2851 mihi
2148 2800 2220 2852 de
2234 2806 2290 2851 te
2305 2800 2467 2852 dubi-

263 2876 404 2925 tatio
426 2873 807 2937 relinquatur.
830 2874 991 2924 Nam
1012 2888 1147 2936 quae
1167 2873 1353 2923 videri
1372 2873 1545 2936 posset
1566 2873 1788 2924 cessatio
1809 2878 1911 2924 aut
1931 2871 2283 2936 negligentia
2301 2873 2365 2922 in
2384 2870 2466 2923 of·
2517 2889 2564 2924 35

263 2944 398 2996 ficio
419 2945 740 3004 literarum,
764 2961 835 2996 ea
854 2946 1049 3008 potius
1069 2943 1243 2995 fuerit
1264 2946 1553 3008 ignoratio
1573 2943 1747 2995 status
1768 2959 1967 2995 rerum
1987 2950 2241 2995 tuarum.

335 3016 531 3067 Multa
551 3032 693 3068 vero
721 3023 903 3076 erant,
931 3015 1002 3066 de
1030 3015 1243 3079 quibus
1269 3021 1323 3066 te
1351 3018 1666 3066 convenire
1693 3031 1797 3079 per
1822 3015 2019 3066 literas
2039 3013 2272 3074 vellem,
2299 3012 2467 3078 fiqui-

264 3087 399 3139 dem
419 3103 523 3151 per
543 3090 983 3152 properantiam
1003 3086 1160 3137 istius
1180 3086 1393 3146 liceret,
1422 3089 1524 3150 qui
1543 3086 1690 3137 mihi
1710 3093 1842 3138 tuas
1862 3086 2132 3137 reddidit:
2161 3087 2279 3149 qui,
2306 3091 2370 3136 ut
2392 3084 2468 3136 ad

264 3165 395 3209 tuas
421 3158 606 3209 statim
633 3158 1061 3223 responderem,
1090 3173 1126 3208 a
1152 3173 1247 3208 me
1276 3160 1479 3221 exegit,
1509 3164 1562 3208 et
1588 3160 1669 3209 ita
1692 3160 1754 3208 in
1777 3157 1899 3221 ipso
1920 3156 2167 3208 articulo
2188 3156 2466 3220 oppressit,

265 3235 328 3279 ut
356 3232 455 3280 vix
484 3229 734 3293 spatium
763 3230 1063 3293 reliquerit
1091 3227 1184 3279 his
1214 3229 1543 3280 exarandis.
1573 3224 1593 3296 ΙΙ
1624 3229 1956 3280 Diatribam
1983 3230 2143 3279 enim
2168 3242 2366 3279 meam
2395 3226 2467 3278 de
2486 3235 2597 3278 159v

264 3301 631 3364 praecessione
653 3299 1146 3365 aequinoctiorum
1167 3306 1222 3351 et
1242 3299 1642 3351 confutatione
1666 3306 1861 3351 motus
1883 3297 2107 3351 octavae
2126 3298 2372 3363 sphaerae
2392 3298 2468 3350 ad

265 3378 319 3422 te
349 3374 575 3423 mittere
607 3375 811 3437 cogit0,
844 3375 907 3423 in
937 3386 1057 3436 qua
1087 3378 1140 3422 et
1170 3374 1486 3422 innumera
1515 3378 1781 3422 veterum
1809 3370 2135 3422 testimonia
2163 3371 2467 3491 ahngmine

2227 3455 2265 3492 a
2320 3454 2467 3491 enus
