2652 4022
244 311 548 365 TYCHO
575 311 697 364 AD
723 310 1168 363 ANDREAM
1195 312 1645 365 VELLEIUM
1672 310 1806 378 8l18
1833 298 2225 365 SEPT.'1599
2293 312 2371 364 181

173 460 342 516 ceret,
363 454 665 519 relataque
685 453 815 505 sunt
835 456 1039 505 omnia
1060 455 1122 505 in
1141 453 1537 515 instrumenta,
1562 457 1647 506 uti
1667 461 1896 516 vocant,
1917 454 2169 519 publica,
2190 469 2371 505 mem-

172 526 375 586 brana,
407 528 621 590 partim
653 525 860 577 Latine
891 527 1107 589 partim
1140 525 1498 577 Germanice
1532 526 1867 591 conscripta,
1901 532 1965 578 ut
1995 525 2278 579 haberem
2311 528 2373 577 in

172 603 465 662 promptu,
496 595 709 661 quibus
735 611 875 648 eum
900 596 1102 661 Pragae
1130 599 1559 656 convincerem,
1591 598 1830 661 quando
1857 597 2005 649 mihi
2030 597 2256 650 luberet
2281 612 2372 649 ac-

173 668 532 721 cusationem
559 667 868 728 instituere‚
899 683 1023 719 non
1052 667 1292 731 quidem
1317 682 1421 731 per
1446 667 1747 732 meipsum,
1781 668 2063 733 fiquidem
2091 668 2261 720 illum
2287 671 2372 720 in-

101 757 124 791 ⁵
172 740 416 804 dignum
439 739 653 799 iudice,
678 738 774 790 sed
800 754 904 803 per
930 738 1115 790 alium
1142 739 1441 803 quendam
1468 739 1930 799 Procuratorem,
1960 755 2096 792 mea
2121 741 2374 804 pecunia

173 808 550 870 conductum2
578 810 739 875 quod
766 816 820 862 et
846 816 1023 862 antea
1044 809 1237 862 facere
1260 809 1540 862 constitui.
1567 810 1776 875 Agitur
1797 814 1957 862 enim
1978 811 2049 865 de
2069 811 2297 863 honore
2320 817 2375 862 et

172 881 594 934 existimatione
614 897 766 940 mea,
788 896 968 946 quam
988 883 1140 933 tueri
1161 886 1404 946 oportet,
1433 881 1653 933 etiamfi
1673 882 1922 947 Pragam
1941 898 2064 934 non
2083 883 2372 934 venissem.

171 953 395 1005 Verum
421 952 517 1005 iste
543 952 700 1005 male
726 952 828 1004 fibi
854 952 1116 1005 conscius
1141 952 1323 1017 paulo
1349 952 1471 1016 post
1490 968 1694 1004 meum
1713 954 1993 1005 accessum
2012 953 2068 1005 se
2087 953 2373 1013 subduxit,

71 1036 128 1077 5v
172 1024 394 1077 deserta
415 1027 593 1077 etiam
606 1024 686 1076 ibi
700 1039 903 1085 uxore,
926 1039 1108 1088 quam
1122 1039 1312 1088 nuper
1326 1019 1638 1092 du-ssxerat,
1659 1024 1868 1076 infami
1883 1030 1938 1076 et
1952 1024 2218 1076 adultera
2233 1024 2373 1089 (dig-

82 1113 123 1147 10
172 1111 319 1148 num
329 1095 548 1160 patella
558 1095 944 1160 operculum).
957 1095 1198 1155 Verum,
1211 1110 1347 1147 cum
1358 1098 1767 1160 opportunitas
1779 1096 1966 1157 datur,
1978 1095 2375 1161 investiganda

173 1169 279 1219 erit
303 1182 408 1231 per
434 1169 950 1232 opportunitatem,
978 1167 1079 1219 ubi
1106 1183 1142 1219 a
1167 1166 1534 1232 gravioribus
1560 1169 1807 1233 negotijs
1830 1166 2268 1231 aliquantulum
2288 1183 2374 1218 re-

171 1238 408 1303 spiraro,
430 1238 531 1290 ista
545 1238 732 1290 Bestia
746 1244 923 1303 atque
937 1241 1000 1289 in
1013 1241 1122 1296 ius,
1138 1238 1477 1303 ubicunque
1491 1238 1745 1299 latitarit‚
1760 1237 2174 1303 protrahenda.
2198 1238 2375 1301 Quod

173 1312 351 1362 etiam
363 1310 513 1362 mihi
527 1325 651 1362 non
665 1313 772 1362 erit
786 1309 1038 1370 difficile,
1053 1309 1168 1362 five
1182 1310 1385 1375 Pragae
1399 1309 1514 1362 five
1529 1309 1669 1362 alibi
1682 1310 1742 1361 id
1757 1310 2172 1374 exequendum
2185 1309 2374 1361 fuerit.

173 1381 460 1434 Consului
479 1381 592 1434 hac
613 1381 684 1433 de
701 1397 764 1433 re
781 1383 951 1433 tacite
965 1380 1490 1446 Archiepiscopum
1503 1380 1865 1446 Pragensem,
1886 1384 2081 1432 virum
2099 1380 2375 1433 illustrem

82 1471 124 1505 15
174 1458 230 1504 et
249 1452 409 1505 claro
429 1468 641 1518 genere
662 1453 1000 1513 oriundum,
1021 1468 1102 1504 an
1117 1453 1173 1504 se
1192 1453 1420 1505 conscio
1440 1452 1733 1504 famosum
1752 1452 1866 1504 hoc
1886 1452 2159 1517 scriptum
2172 1452 2375 1517 Pragae

174 1523 451 1576 excusum
475 1524 555 1585 fit,
583 1539 719 1576 cum
745 1527 873 1576 eius
899 1523 1077 1589 officij
1106 1524 1170 1576 fit
1194 1527 1258 1576 in
1282 1524 1426 1576 talia
1451 1524 1937 1576 animadvertere.
1967 1525 2048 1575 At
2072 1523 2171 1574 ille
2197 1523 2252 1575 se
2280 1538 2375 1575 ex-

173 1595 424 1655 cusabat,
450 1595 624 1660 seque
650 1595 829 1647 inscio
849 1593 1069 1647 factum
1088 1595 1509 1659 protestabatur
1529 1594 1961 1660 authoremque
1982 1598 2046 1647 in
2065 1597 2157 1646 ius
2176 1597 2377 1646 vocari

171 1666 360 1718 voluit
380 1674 435 1719 et
453 1666 775 1719 secundum
794 1667 950 1732 leges
970 1669 1184 1730 puniri,
1206 1667 1366 1732 quod
1387 1667 1510 1719 etse
1525 1673 1940 1732 promoturum
1953 1666 2190 1719 addixit.
2203 1666 2375 1718 Vide-

171 1738 318 1790 bunt
329 1738 652 1802 ah‘quando
664 1738 1045 1803 Antefignani
1057 1738 1563 1790 Machiavellistici
1573 1741 1637 1790 in
1648 1738 1849 1790 Dania
1861 1737 2181 1803 Coriphaei‚
2194 1752 2377 1801 quam

77 1826 124 1862 20
171 1810 449 1862 incassum
474 1809 684 1873 seipsos
709 1812 772 1862 in
797 1812 1045 1874 gratiam
1070 1809 1321 1874 magistri
1346 1809 1433 1861 sui
1457 1809 1760 1869 titillarint,
1787 1810 1948 1874 quod
1967 1809 2084 1861 tale
2103 1808 2376 1873 scriptum

173 1896 246 1933 ex
271 1880 655 1933 IOHANNE
678 1880 1267 1933 AALBURGENSE
1295 1881 1816 1946 congratulationis
1837 1880 2010 1933 causa
2030 1882 2376 1944 acceperint,

171 1959 349 2017 atque
363 1955 426 2004 in
439 1952 555 2004 suis
570 1952 918 2004 conviviolis
934 1968 1152 2017 magno
1167 1952 1469 2017 applausu,
1485 1952 1526 2003 fi
1539 1968 1664 2004 non
1677 1954 1871 2016 potius
1885 1954 2112 2004 maiore
2127 1951 2375 2011 stultitia,

171 2023 432 2089 legerint,
446 2031 735 2088 tanquam
748 2023 890 2075 escae
903 2026 1092 2075 etvini
1104 2024 1498 2085 condimenta,
1510 2030 1692 2088 utque
1702 2023 1776 2075 fic
1786 2023 2037 2088 probare
2048 2023 2263 2087 possent
2273 2038 2377 2087 per

173 2110 363 2147 unum
382 2094 617 2147 scurrile
638 2095 906 2155 alterum,
928 2094 1131 2147 causas
1150 2098 1269 2147 mei
1289 2094 1549 2147 discessus
1570 2110 1601 2146 e
1619 2095 1835 2155 Dama,
1858 2110 2113 2158 quarum
2134 2094 2376 2158 quidam

78 2183 124 2219 25
174 2181 247 2218 ex
266 2168 338 2231 ijs
358 2166 566 2231 conscij
591 2172 774 2227 erant,
801 2166 842 2218 fi
866 2181 991 2218 non
1011 2173 1247 2218 autores
1275 2173 1329 2218 et
1354 2173 1739 2231 promotoreS,
1766 2181 1891 2218 non
1915 2168 2377 2230 incompetenter

173 2237 601 2290 administratas
622 2239 742 2289 esse.
764 2237 878 2290 Sed
890 2237 1142 2289 viderint
1163 2244 1217 2289 et
1236 2237 1320 2289 isti
1341 2244 1396 2290 et
1415 2237 1528 2290 iste.
1550 2237 1825 2302 Sequitur
1844 2237 1947 2289 sua
1962 2252 2146 2301 poena
2162 2251 2376 2288 nocen-

172 2315 308 2370 tem,
330 2315 400 2369 et,
422 2309 555 2361 Deo
570 2309 952 2374 prospiciente
967 2325 1036 2361 ac
1049 2316 1402 2374 protegente,
1423 2309 1665 2361 tandem
1677 2309 1837 2361 bona
1851 2308 2025 2360 causa
2037 2307 2375 2372 triumphat.

243 2380 422 2433 Plura
446 2396 606 2432 nunc
632 2396 756 2432 non
782 2381 1057 2445 adiung0‚
1086 2396 1161 2432 ne
1187 2387 1242 2432 te
1269 2383 1523 2432 nimium
1547 2380 1863 2432 molestem.
1884 2379 2084 2431 Tuum
2105 2379 2180 2431 est
2200 2381 2377 2430 etiam

172 2451 321 2504 mihi
339 2451 668 2504 luculenter
687 2451 1012 2512 rescribere,
1042 2459 1096 2504 et
1118 2454 1441 2504 amicitiam
1460 2455 1849 2504 inveteratam
1868 2451 2048 2503 literis
2068 2450 2285 2510 saltem,
2307 2450 2376 2501 ·fi-

78 2540 125 2575 30
174 2523 415 2588 quidem
439 2526 539 2575 vix
568 2523 736 2575 aliter
765 2525 828 2575 in
855 2522 1148 2588 posterum
1177 2523 1306 2575 fieri
1336 2530 1529 2587 queat,
1561 2525 1907 2575 continuare
1935 2529 1990 2574 et
2016 2522 2375 2574 conservare.

172 2594 337 2647 Vale.
358 2594 564 2647 Saluta
581 2610 654 2646 ex
670 2610 766 2646 me
781 2595 1085 2660 diligenter
1099 2595 1374 2659 Ripenses
1389 2610 1613 2655 omneS,
1636 2610 1786 2659 quos
1801 2594 1946 2646 nosti
1958 2595 2078 2646 mei
2092 2599 2376 2652 amanteS,

172 2673 300 2718 tum
320 2682 559 2731 quoque
579 2666 729 2718 alios
749 2669 813 2717 in
831 2666 1017 2718 vestra
1038 2666 1319 2726 Cimbria,
1348 2672 1404 2718 et
1428 2666 1500 2718 de
1528 2667 1702 2718 rebus
1727 2668 1892 2726 meiS‚
1919 2665 2099 2717 modo
2119 2665 2259 2716 scire
2281 2680 2376 2716 cu-

73 2746 124 2789 6τ
172 2739 440 2802 piverim,
467 2737 698 2797 instrue,
722 2743 786 2789 ut
806 2753 1014 2789 omnes
1034 2737 1167 2789 Deo
1188 2740 1443 2802 propitio
1465 2744 1519 2789 et
1540 2733 1979 2804 omni-upotenti
1997 2751 2232 2788 mecum
2251 2751 2376 2800 gra-

173 2811 283 2861 tias
310 2811 511 2873 agatiS,
539 2809 699 2872 quod
719 2824 792 2860 ex
812 2815 895 2860 tot
918 2808 1357 2861 difficultatibus
1378 2816 1433 2861 et
1453 2807 1908 2868 adverfitatibuS,
1937 2823 2086 2872 quas
2105 2810 2168 2859 in
2187 2809 2379 2871 patria

79 2897 126 2931 35
174 2882 469 2931 immerito
494 2879 748 2938 sustinui,
774 2886 896 2932 tam
922 2880 1164 2945 provide
1193 2887 1247 2932 et
1273 2881 1523 2945 benigne
1552 2882 1828 2944 eripuerit
1855 2885 1910 2930 et
1931 2879 2255 2938 vindicarit,
2283 2880 2377 2929 cui

173 2950 278 3002 soli
297 2950 493 3002 honor
513 2957 569 3003 et
587 2951 719 3002 laus
739 2954 802 3003 in
821 2951 1051 3003 saecula.
1074 2951 1335 3016 Iamque,
1357 2954 1440 3003 mi
1460 2952 1841 3003 amantissime
1857 2950 2118 3001 Domine
2133 2949 2219 3001 M.
2235 2949 2375 3000 AN-

174 3022 391 3073 DREA
420 3037 556 3073 cum
583 3028 706 3074 tota
732 3028 836 3074 tua
865 3023 1061 3083 domo,
1090 3022 1338 3074 salutata
1366 3039 1403 3075 a
1430 3038 1528 3074 me
1558 3025 1806 3086 coniuge
1837 3029 1892 3073 et
1919 3021 2132 3080 liberiS,
2164 3020 2377 3084 quibus

173 3093 444 3157 prodesse‚
466 3099 756 3157 quantum
775 3100 999 3157 potero,
1019 3094 1245 3158 semper
1263 3094 1538 3159 satagam,
1559 3095 1772 3145 iterum
1792 3092 1940 3144 vale.

246 3164 560 3216 Dabantur
585 3164 904 3217 Benachiae
933 3167 1273 3229 properanti
1302 3165 1533 3217 calamo
1560 3167 1623 3216 in
1648 3179 1782 3216 arce
1811 3163 2153 3215 Caesariana
2176 3165 2239 3214 in
2266 3163 2376 3213 Bo-

80 3251 126 3286 40
174 3235 376 3287 hemia
395 3235 489 3286 die
510 3235 582 3287 18.
604 3235 923 3300 Septembr.
945 3237 1127 3288 Anno
1147 3237 1291 3288 1599.

1137 3307 1251 3358 Tui
1277 3308 1695 3359 amantissimus
1721 3305 1961 3357 TYCHO
1989 3305 2233 3365 BRAHE,

1453 3393 1640 3430 manu
1659 3379 1913 3441 propria.

603 3449 746 3501 Non
765 3448 1011 3500 vacabat
1032 3449 1303 3514 relegere.
1327 3449 1571 3514 Ipsemet
1592 3448 1872 3512 dispicias.
2268 3445 2376 3510 [Ex
