2652 4022
259 306 352 356 212
793 302 1233 355 EPISTOLAE
1259 302 1931 355 ASTRONOMICAE

260 446 556 510 aliquibus
588 446 763 503 male,
798 460 933 495 cum
965 443 1362 495 intellexissem
1394 443 1511 495 huc
1538 443 2093 497 TYCHONIDEM
2125 451 2295 496 tuum
2328 460 2464 496 cum

260 516 637 569 MULAENO
665 515 857 566 nostro
883 516 1072 566 missos
1099 516 1174 567 ad
1202 515 1530 579 expetenda
1552 515 1933 568 instrumenta
1955 515 2205 567 refidua:
2232 515 2328 567 sed
2348 515 2465 567 Dei

259 587 494 652 provisu
510 601 717 638 omnes
733 589 1084 647 conticuere,
1102 602 1212 638 nec
1231 586 1541 651 quisquam
1556 593 1759 638 contra
1772 590 1986 638 mutire
2002 586 2192 638 ausus,
2213 586 2342 638 Iuvi
2356 601 2464 651 ego

259 659 427 723 ipsos,
456 664 746 722 quantum
767 660 829 708 in
848 673 944 709 me
965 657 1074 709 fuit
1094 664 1148 709 et
1168 673 1260 709 res
1281 657 1516 718 fluebat,
1539 655 1861 722 auctorque
1884 657 1987 718 fui,
2014 673 2089 709 ne
2116 657 2314 709 literas
2333 663 2465 709 tuas

261 729 602 781 exhiberent
631 731 718 793 ijs,
750 745 786 780 a
816 728 1030 793 quibus
1059 728 1274 780 sincere
1305 729 1597 781 auxilium
1625 728 1843 793 sperari
1871 744 1995 781 non
2026 734 2269 792 poterat.
2304 728 2465 780 Nam
2514 746 2536 780 ⁵

260 799 583 864 aliquando
597 815 814 851 venere
833 800 1111 864 quaedam
1131 803 1194 851 in
1215 799 1594 861 oblivionem,
1617 815 1751 864 quae
1772 815 1883 851 nos
1902 799 2055 864 ipsos
2073 799 2302 863 praestat
2321 814 2464 863 quo-

261 887 374 935 que
404 874 579 923 tacita
607 870 842 930 habere,
875 887 1057 935 quam
1086 871 1328 923 dubiam
1357 886 1601 936 operam
1630 870 1887 922 aliorum
1912 870 2242 935 periclitari.
2269 870 2467 935 Vergit

261 946 421 994 enim
442 942 820 1006 quorundam
841 948 984 994 aetas
1005 942 1080 994 ad
1102 949 1380 1002 extrema,
1410 949 1464 994 et
1483 948 1684 994 tamen
1703 945 1767 993 in
1787 942 2050 994 sordibus
2071 957 2271 993 rerum
2291 941 2465 993 cadu—

261 1029 465 1066 carum
486 1016 865 1078 cogitationes
887 1028 1095 1065 omnes
1115 1013 1424 1079 defigimus
1447 1029 1661 1078 parum
1687 1019 1789 1065 aut
1814 1013 1965 1065 nihil
1991 1013 2063 1064 de
2090 1014 2326 1064 aeternis
2351 1011 2467 1064 illis

259 1085 500 1137 solliciti.
529 1085 742 1148 Neque
769 1084 1127 1136 dormientes
1153 1100 1348 1149 neque
1374 1085 1682 1150 vigilantes
1708 1084 2071 1136 somniamus
2098 1090 2201 1136 aut
2222 1083 2465 1135 medita·
2520 1099 2563 1135 ιο

260 1172 395 1208 111111·
415 1156 577 1208 aliud
598 1172 781 1220 quam
800 1158 1133 1220 pecuniam,
1159 1158 1251 1208 cui
1274 1156 1538 1221 gloriam,
1566 1155 1860 1207 honorem
1881 1162 1936 1207 et
1956 1155 2242 1220 quidquid
2261 1154 2466 1207 lauda-

259 1227 375 1279 bile
397 1227 487 1288 est,
509 1227 926 1291 postponimus.
954 1227 1248 1279 Addimus
1269 1227 1493 1291 aliquid
1514 1227 1585 1279 de
1606 1226 1876 1279 humana
1895 1226 2195 1278 severitate
2217 1226 2365 1290 (non
2385 1226 2466 1278 di-

262 1314 393 1351 cam
420 1298 782 1362 crudelitate)
811 1301 978 1350 cuius
998 1298 1174 1350 tristia
1193 1314 1397 1350 recens
1420 1298 1538 1351 visa
1556 1300 1619 1350 in
1640 1297 1872 1350 duobus
1892 1297 2189 1350 nobilibus
2210 1304 2266 1349 et
2285 1297 2468 1349 tribus

260 1370 482 1435 plebeis
502 1370 745 1435 alijsque
767 1369 1055 1434 exempla.
1084 1370 1303 1421 Merito
1323 1372 1496 1434 igitur
1515 1369 1736 1421 habent
1756 1370 1915 1433 quod
1938 1368 2227 1428 laetentur,
2255 1368 2468 1432 quibus

262 1448 364 1493 aut
389 1441 559 1493 favor
583 1441 812 1493 aulicus
837 1441 935 1492 hic
961 1440 1216 1506 affulget,
1245 1449 1346 1492 aut
1371 1456 1464 1492 res
1489 1440 1622 1492 suas
1647 1443 1729 1492 ita
1753 1446 2054 1504 pararunt,
2084 1446 2148 1491 ut
2176 1438 2467 1504 migrandi
2521 1455 2563 1491 15

261 1513 506 1565 taedium
525 1529 650 1564 non
671 1512 1072 1576 expavescant.
1095 1507 1115 1580 ΙΙ

333 1583 507 1644 Mihi,
538 1584 671 1635 Deo
698 1584 761 1635 fit
786 1583 987 1648 gloria,
1018 1582 1169 1634 nihil
1198 1582 1421 1634 adversi
1451 1582 1777 1634 admodum
1803 1581 2000 1634 adhuc
2026 1583 2278 1647 contigit.
2311 1580 2593 1634 Can-159r

263 1655 501 1707 cellario
522 1655 861 1719 probantur,
885 1670 1019 1719 quae
1038 1670 1074 1706 a
1091 1670 1187 1705 me
1205 1653 1318 1705 hac
1332 1654 1625 1718 legatione
1640 1653 1790 1718 gesta
1803 1653 1934 1705 sunt
1948 1655 2168 1713 omnia,
2192 1655 2295 1717 qui
2308 1652 2467 1714 vidit,

263 1727 338 1778 ad
364 1726 543 1778 fidem
571 1733 626 1777 et
651 1726 993 1778 industriam
1018 1741 1114 1776 me
1140 1724 1291 1776 nihil
1317 1725 1614 1789 reliquum
1643 1724 1842 1785 fecisse,
1872 1724 1968 1776 sed
1998 1723 2129 1790 alijs
2158 1739 2283 1776 non
2311 1726 2468 1784 item,

262 1797 454 1849 nescio
482 1813 601 1861 qua
627 1798 698 1848 de
726 1797 914 1849 causa.
943 1796 1397 1849 MULAENUM
1424 1796 1684 1848 nostrum
1710 1796 1869 1860 quod
1895 1794 2222 1860 provehere
2243 1795 2318 1848 ad
2339 1795 2467 1846 Me·
2518 1812 2565 1847 20

263 1869 432 1920 dicen
452 1871 757 1932 promittiS‚
778 1868 922 1920 facis
942 1874 1005 1919 ut
1025 1874 1128 1919 tua
1141 1870 1353 1919 virtute
1375 1873 1431 1919 et
1449 1867 1819 1919 humanitate
1840 1866 2100 1932 dignum,
2121 1882 2230 1919 nec
2250 1872 2394 1931 puto
2414 1872 2469 1918 te

262 1939 517 1991 habuisse
543 1939 639 1991 vel
665 1939 1008 1991 habiturum
1034 1954 1320 2003 unquam,
1349 1941 1451 2003 qui
1476 1947 1531 1990 te
1558 1938 1867 1991 finceriore
1894 1941 2097 1990 animo
2122 1937 2274 1990 colat
2295 1944 2350 1990 et
2370 1936 2469 1989 ob-

262 2011 461 2063 servet.
483 2011 706 2062 Verum
726 2017 928 2063 metuo
948 2010 1138 2070 valde,
1166 2026 1241 2062 ne
1267 2010 1500 2075 longior
1519 2010 1678 2074 apud
1699 2025 1810 2061 nos
1830 2025 2000 2061 mora
2021 2009 2095 2061 ab
2117 2009 2319 2061 Italica
2338 2023 2469 2074 pro-

262 2081 510 2135 fedtione
537 2098 641 2147 per
666 2082 822 2134 hanc
842 2082 1103 2134 hiemem
1123 2084 1443 2134 retinuerit.
1472 2081 1586 2134 Sed
1605 2078 1866 2146 profec'to
1885 2080 2225 2133 faciendum
2244 2083 2326 2133 ita
2344 2079 2469 2141 fuit,

263 2170 371 2206 nec
391 2160 666 2218 poterunt
687 2156 854 2206 citius
874 2160 977 2205 tua
996 2155 1232 2218 negotia
1253 2153 1544 2217 expedire.
1568 2152 1792 2205 Causas
1806 2152 1909 2216 ipfi
1922 2152 2025 2204 tibi
2039 2151 2302 2213 reddant,
2321 2166 2470 2216 quas
2519 2168 2566 2203 25

262 2241 433 2277 veras
455 2226 557 2276 esse
579 2241 703 2277 non
724 2225 1096 2277 dubitaveris
1127 2224 1286 2288 Quia
1305 2240 1448 2276 vero
1468 2225 1528 2276 id
1548 2226 1656 2276 iter
1675 2239 1800 2276 non
1819 2223 2080 2283 successit,
2102 2223 2223 2275 alia
2241 2225 2470 2275 ratione

263 2296 410 2348 forte
426 2295 528 2347 tibi
541 2296 716 2347 fuerit
731 2296 1036 2348 confilium
1055 2299 1181 2347 eius
1199 2295 1444 2348 iuvandi
1461 2298 1744 2347 invenire.
1768 2295 1828 2348 Si
1848 2298 2084 2347 animus
2106 2294 2196 2354 est,
2217 2300 2282 2346 ut
2300 2293 2471 2348 illum

265 2384 301 2419 a
320 2374 375 2418 te
397 2368 722 2419 dimissurus
743 2383 1012 2431 unquam
1033 2369 1198 2418 omni
1217 2368 1415 2428 mod0‚
1436 2366 1539 2419 fiat
1558 2366 1719 2418 bona
1739 2382 1874 2418 cum
1894 2369 2081 2431 gratia
2097 2372 2153 2418 et
2169 2368 2327 2418 aetati
2346 2371 2469 2417 ma-

263 2446 392 2490 ture
420 2438 770 2490 consulatur.
800 2438 1081 2498 Omnin0,
1109 2438 1150 2489 fi
1175 2438 1277 2490 tibi
1299 2453 1437 2489 eum
1458 2453 1582 2489 non
1601 2444 1832 2502 gratum
1853 2444 1908 2488 et
1929 2437 2346 2501 obsequentem
2366 2436 2470 2488 esse

264 2509 653 2569 voluissemuS,
681 2509 800 2561 alia
820 2509 999 2560 fuisset
1019 2512 1247 2560 ratione
1268 2507 1651 2573 prospectum,
1680 2514 1735 2560 et
1760 2508 2156 2573 prospicietur,
2184 2507 2317 2559 Deo
2337 2522 2469 2572 pro·
2519 2523 2566 2559 3ο

264 2583 425 2645 pitio‚
453 2580 493 2631 fi
520 2596 658 2632 eum
680 2581 904 2632 missum
925 2580 1148 2632 feceris,
1176 2580 1280 2632 Sin
1299 2580 1401 2632 tibi
1423 2586 1477 2631 et
1496 2582 1610 2631 tuis
1630 2579 1836 2644 placet,
1863 2579 2108 2631 habebis
2129 2594 2284 2630 eum.
2313 2578 2471 2631 Cum

264 2653 567 2715 voluptate
591 2652 771 2703 audio
792 2651 1209 2703 TEGNALIO
1236 2657 1468 2702 tantum
1492 2650 1759 2715 beneficij
1791 2656 1846 2702 et
1870 2649 2115 2702 honoris
2142 2665 2179 2702 a
2203 2656 2259 2702 te
2287 2656 2342 2701 et
2366 2664 2472 2714 per

265 2730 320 2775 te
340 2723 614 2787 praestari,
636 2729 911 2787 optoque,
933 2729 996 2774 ut
1017 2723 1291 2786 deinceps
1312 2722 1390 2782 fit,
1413 2722 1652 2786 qualem
1672 2728 1736 2773 tu
1756 2723 1859 2773 esse
1881 2724 2062 2786 cupis,
2083 2719 2471 2774 TYPOTIUS

266 2797 492 2846 amicus
519 2810 688 2846 meus
714 2794 874 2846 unde
900 2793 1188 2853 habuerit,
1217 2794 1377 2857 quod
1402 2808 1498 2844 me
1524 2792 1839 2857 impulsore
1859 2795 2113 2856 patriam
2133 2792 2470 2852 deserueriS,

266 2868 555 2930 coniJcere
576 2881 700 2917 non
720 2866 956 2929 possum.
980 2864 1338 2928 Quicunque
1358 2864 1472 2916 hoc
1493 2864 1851 2916 comminisci
1869 2863 2043 2916 ausus
2062 2863 2152 2923 est,
2173 2871 2351 2916 necte
2366 2878 2470 2915 no·
2519 2879 2565 2914 35

266 2939 348 2988 vit
373 2952 482 2988 nec
507 2936 788 3001 intelligit,
818 2936 958 3000 quid
986 2936 1205 2987 doloris
1232 2942 1499 3000 apportet
1525 2951 1562 2987 a
1587 2934 1890 2987 fidelissimi
1917 2937 2092 2987 amici
2119 2931 2390 2986 convictu
2416 2940 2471 2986 et

266 3014 476 3059 mutuo
503 3006 775 3071 adspectu
800 3014 964 3059 tanta
990 3007 1258 3059 locorum
1284 3007 1721 3070 intercapedine
1749 3006 2010 3071 disiungi.
2038 3006 2152 3058 Sed
2173 3006 2470 3057 Dominus

266 3078 670 3138 TYPOTIUS,
692 3079 733 3130 fi
752 3078 902 3131 recte
918 3080 1181 3138 memini,
1203 3077 1320 3142 ipse
1336 3094 1372 3129 a
1385 3093 1481 3129 me
1497 3078 1721 3129 audivit
1736 3077 2031 3142 deplorari
2046 3077 2270 3129 abitum
2283 3083 2469 3137 tuum,

267 3157 393 3201 tum
418 3152 641 3213 patriae,
670 3146 690 3218 ΙΙ
717 3156 843 3201 tum
868 3165 1004 3201 mea
1030 3149 1218 3208 causa,
1249 3149 1472 3201 nedum
1498 3164 1633 3200 meo
1660 3148 1825 3200 sensu
1850 3148 1964 3200 hoc
1990 3145 2210 3200 factum
2235 3147 2600 3200 credere159v

267 3222 442 3284 possit,
456 3224 550 3272 cui
562 3237 696 3272 eam
709 3221 1094 3285 suspicionem
1108 3223 1311 3272 animo
1327 3226 1661 3284 exemptam
1677 3222 1866 3284 cupio,
1884 3219 1976 3271 De
1991 3219 2141 3271 libro
2155 3218 2469 3284 publicat0,
2519 3234 2565 3269 4ο

269 3292 427 3355 quod
446 3293 521 3343 ad
537 3300 592 3343 te
609 3292 902 3356 scripserat
921 3291 1333 3344 ESCHYLUS
1350 3291 1691 3351 BILLEUS,
1711 3290 1863 3342 nihil
1876 3290 2025 3342 mihi
2039 3290 2318 3342 exaudire
2334 3304 2469 3341 con-

268 3365 405 3427 tigit,
426 3378 535 3414 nec
557 3378 753 3427 operae
775 3366 1027 3427 pretium
1044 3370 1098 3414 te
1116 3360 1408 3413 faciurum
1431 3362 1707 3421 existimo,
1729 3361 1770 3413 fi
1788 3362 1904 3413 tale
1925 3361 2168 3425 aliquod
2187 3359 2468 3425 procude-

2360 3446 2469 3491 reS‚
