2638 3970
153 311 257 364 10.
287 311 361 363 G.
390 310 937 363 HERWARTUS
963 311 1085 362 AD
1113 310 1619 364 TYCHONEM
1647 310 1757 378 llll
1785 312 2003 365 SEPT.
2033 314 2179 365 1600
2252 315 2356 366 357

153 467 375 506 omnes
394 450 768 520 professores
788 451 1009 505 dicent.
1038 452 1127 505 At
1153 452 1429 506 URSUS
1450 456 1560 506 aut
1582 468 1793 507 caecus
1814 458 1924 507 aut
1945 455 2138 517 vafer,
2168 455 2355 509 inter-

146 521 443 591 positione
461 522 901 591 parenthetica
923 523 1100 577 vocis
1125 522 1421 589 (mobilis)
1441 523 1821 590 persuadere
1844 528 1990 588 vult,
2019 528 2182 578 PER
2191 526 2356 581 GAE-

162 595 290 649 UM
295 596 400 648 vel
403 609 524 661 pro
534 608 612 647 eo
626 592 988 648 COPERNI
988 594 1037 647 C
1044 595 1173 648 UM
1177 593 1349 661 loqui
1358 596 1433 647 de
1446 596 1764 648 communi
1773 596 1881 649 illo
1894 600 2064 650 motu
2080 598 2355 651 omnium

150 667 191 718 5
210 666 630 727 Planetarum,
654 668 918 732 propter
941 665 1171 727 Solem,
1200 668 1485 718 centrum
1511 665 1777 728 illorum,
1810 682 2019 721 annuo
2043 672 2214 722 motu
2242 669 2356 722 cir-

81 754 102 788 ⁵
153 733 525 790 cumactum:
545 737 620 789 de
641 751 762 803 quo
779 739 951 790 motu
981 736 1401 790 TYCHONIS
1415 736 1794 804 hypotheses
1806 736 2048 804 sonant,
2073 740 2300 807 quique
2319 755 2358 793 a

156 807 517 862 COPERNI
516 806 618 861 CO
640 808 849 861 Terrae
863 807 1168 860 tribuitur.
1189 807 1398 875 Atque
1414 808 1535 860 hoc
1554 805 1638 873 est
1652 807 2116 863 firmamentum
2135 810 2355 877 causae.

154 878 276 943 Oui
299 879 440 932 haec
461 878 810 946 perpendit,
840 878 936 931 illi
961 878 1088 931 iam
1120 880 1282 931 ultro
1302 876 1572 946 suspicio
1598 879 1798 932 oritur
1820 895 1902 933 ex
1926 882 2215 935 omnibus
2242 882 2356 935 cir-

50 959 102 1003 3r
152 947 548 1017 cumstantijS.
578 951 841 1003 Fatetur
863 946 884 1018 ΙΙ
903 948 974 1016 se
1002 949 1158 1002 furti
1177 947 1594 1017 philosophici
1619 966 1814 1013 reum,
1838 949 1909 1017 se
1938 953 2360 1021 Magdeburgi

144 1018 522 1087 sententiam
542 1020 961 1075 TYCHONIS
969 1023 1044 1075 de
1054 1020 1273 1074 mundi
1279 1021 1495 1074 habitu
1500 1021 1819 1088 publicam
1834 1021 2048 1087 fecisse,
2057 1022 2173 1090 sed
2181 1024 2357 1077 iuxta

61 1110 103 1145 ιο
143 1091 340 1159 suam,
367 1095 583 1145 natam
596 1090 839 1158 sci1icet
856 1107 937 1146 ex
957 1094 1224 1160 quadam
1243 1095 1462 1155 matre,
1493 1106 1632 1159 quae
1655 1091 1939 1160 nuspiam
1960 1091 2054 1159 est,
2085 1098 2152 1148 ut
2174 1097 2358 1148 modo

154 1164 491 1230 quaerendo
511 1163 982 1231 comperimus«

222 1233 530 1287 Hactenus
549 1235 668 1295 illa,
691 1251 827 1300 quae
842 1235 928 1288 M.
944 1235 1344 1288 KEPLERUS
1365 1236 1441 1287 ad
1457 1251 1553 1287 me
1570 1235 1796 1300 scripfit.
1817 1237 1913 1288 Ad
1933 1237 2053 1289 alia
2073 1254 2207 1302 quae
2228 1238 2355 1290 scri-

150 1307 255 1366 bis,
285 1305 622 1371 responsum
651 1306 911 1367 habebiS‚
943 1323 1079 1359 cum
1107 1310 1367 1371 primum
1394 1307 1544 1359 mihi
1572 1306 1746 1359 fuerit
1770 1315 2002 1360 tantum
2029 1311 2148 1374 otij,
2179 1316 2356 1373 atque

150 1377 304 1429 hisce
335 1378 438 1430 tibi
467 1377 664 1430 officia
693 1385 748 1430 et
776 1378 961 1431 studia
991 1394 1128 1430 mea
1157 1378 1343 1430 offero
1375 1380 1804 1443 promptissime.
1839 1379 2014 1431 Datae
2045 1380 2352 1446 Monachij

61 1467 102 1501 15
152 1450 246 1501 die
267 1450 327 1501 ll.
350 1449 502 1514 Sept.
523 1450 705 1502 Anno
726 1450 870 1502 1600.
1291 1485 1350 1536 N
1353 1485 1616 1537 obilissim
1619 1501 1672 1537 ae
1692 1485 1742 1537 T
1780 1484 1885 1537 Dni

1377 1555 1805 1609 Addiclissimus

875 1628 1062 1680 IOAN.
1085 1628 1337 1680 GEORG.
1360 1628 1699 1680 HERWART
1717 1637 1804 1712 ᾼΒ
1829 1629 2284 1690 HOHENBURG‚

1350 1715 1538 1752 manu
1557 1715 1812 1765 propna.

57 1876 103 1911 20
154 1874 203 1920 [Ε
224 1875 368 1912 codice
389 1874 621 1911 Basileensi
642 1876 679 1911 G
701 1877 715 1910 I
738 1874 799 1920 35]

398 1962 794 2037 TYCHO
839 1963 1220 2036 BRAHE
1261 1964 1420 2036 AD
1466 1964 2104 2037 MARTINUM

1004 2067 1502 2120 BRASCHIUM.

289 2167 378 2233 μς
422 2156 428 2158 ’
464 2154 595 2246 {HJ
620 2162 778 2215 UAS
809 2164 844 2215 8
875 2162 969 2214 die
1002 2162 1245 2228 Augusti
1277 2162 1418 2228 stylo
1450 2162 1635 2214 vestro
1669 2163 1744 2215 ad
1776 2178 1872 2214 me
1909 2163 2105 2215 dedisti
2140 2163 2354 2224 literaS‚

57 2322 103 2356 2⁵
246 2294 249 2317 s
280 2268 297 2302 ²
335 2242 351 2325 Γ
379 2277 401 2299 ·‘
433 2232 486 2339 i}
618 2233 2354 2358 {³51}{ffffifflgfffiffflffidffiffiss¹²³eissssszsgssssssss·

268 2403 270 2405 >
293 2441 295 2444 Ι
438 2312 520 2446 <J
547 2402 580 2448 „³
621 2376 1024 2435 MANNUM‚
1047 2377 1332 2441 Legatum
1347 2377 1709 2430 Saxonicum
1724 2321 1836 2428 h’iffz’
1836 2384 2122 2442 agentem,
2144 2381 2354 2441 recepi,

280 2453 294 2518 J
320 2503 329 2511 ς
378 2424 434 2508 ⁸>
514 2444 583 2531 (gg.
620 2448 834 2511 quibus
854 2464 1030 2508 nunc,
1055 2447 1177 2513 ipso
1199 2451 1376 2500 etiam
1396 2448 1469 2500 fic
1490 2448 1566 2501 ob
1586 2451 1785 2513 nuncij
1808 2448 2236 2500 festinationem
2256 2450 2354 2501 ad-

469 2524 575 2541 N
618 2526 916 2580 monente,
931 2518 1078 2579 haec,
1095 2526 1385 2584 quantum
1399 2519 1594 2572 ferunt
1609 2519 1744 2572 aliae
1756 2535 1908 2572 meae
1921 2523 2355 2584 occupationes,

151 2595 534 2654 properanter
559 2590 823 2643 rescribo,
851 2591 944 2642 De
972 2591 1245 2654 Elegiaco
1270 2598 1373 2643 tuo
1399 2591 1681 2644 Carmine
1707 2591 1857 2643 bene
1885 2591 1975 2651 est,
2005 2591 2164 2656 quod
2190 2607 2355 2643 meas

56 2678 103 2713 30
153 2662 332 2712 etiam
361 2660 796 2726 qualescunque
825 2677 950 2714 non
978 2662 1199 2727 respuis
1227 2670 1420 2715 notas:
1454 2666 1819 2727 incoeperam
1845 2664 2107 2727 quodam
2134 2663 2227 2714 die
2253 2678 2354 2726 po-

151 2732 493 2784 meridianis
507 2731 670 2785 horis
692 2733 858 2797 (nam
871 2740 1007 2786 ante
1021 2733 1330 2786 meridiem
1344 2734 1562 2786 seriora
1574 2733 1876 2787 tractanda
1890 2734 2042 2797 sunt)
2063 2733 2356 2785 nonnulla

151 2805 215 2854 in
235 2802 446 2855 eodem
464 2810 695 2856 mutare
715 2811 892 2869 atque
913 2805 1080 2857 aliter
1101 2805 1422 2870 disponere,
1451 2806 1729 2870 quaedam
1756 2808 1933 2857 etiam
1960 2807 2245 2865 omittere,
2272 2812 2353 2856 at-

153 2889 268 2939 que
283 2874 620 2927 nonnullibi
633 2875 753 2928 alia
766 2875 1050 2940 supplere,
1071 2877 1249 2941 idque
1267 2883 1590 2941 antequam
1606 2893 1678 2928 ex
1693 2878 1846 2929 Arce
1864 2876 2187 2928 refidentiae
2202 2891 2354 2928 meae

153 2946 477 2997 Bennatica
504 2945 622 2998 huc
651 2946 900 3012 Pragam
930 2963 967 2999 a
995 2947 1175 3000 Sacra
1205 2948 1479 3000 Caesarea
1508 2948 1830 3007 Maiestate,
1864 2948 2128 2999 Domino
2161 2947 2353 2999 nostro

58 3034 103 3068 35
154 3016 500 3069 Clementiss.
518 3021 960 3082 quamprimum
973 3018 1201 3071 Pilsena
1214 3019 1482 3080 redierat,
1498 3019 1926 3071 clementissime
1943 3025 2237 3078 evocatuS,
2253 3019 2354 3070 ubi

153 3090 481 3139 etiamnum
507 3088 688 3152 usque
714 3091 778 3140 in
802 3092 1038 3141 tertium
1059 3090 1327 3142 Mensem
1352 3091 1426 3143 ab
1448 3091 1657 3142 eadem
1683 3093 1954 3149 retineor,
1983 3096 2037 3141 et
2064 3096 2354 3154 quantum

152 3158 430 3224 intelligo,
453 3162 611 3223 cupit
629 3159 804 3223 ipfius
825 3160 1118 3221 MaiestaS‚
1146 3164 1292 3213 utin
1311 3164 1594 3214 viciniore
1613 3161 1912 3226 magisque
1934 3167 2229 3225 oportuno
2250 3161 2352 3212 ha-

151 3230 331 3282 bitem
356 3230 505 3282 loco.
526 3230 678 3282 Toto
697 3246 839 3282 vero
865 3231 968 3282 illo
993 3238 1273 3296 tempore,
1301 3233 1444 3284 dum
1470 3232 1567 3284 hic
1592 3232 1735 3291 sum,
1762 3239 1845 3283 tot
1870 3231 2019 3283 mihi
2044 3247 2152 3296 pro
2177 3231 2354 3296 ipfius

154 3300 458 3353 Maiestate
480 3307 536 3353 et
554 3301 703 3354 alias
723 3317 962 3367 quoque
989 3304 1324 3368 peragenda
1348 3303 1529 3364 fuere,
1558 3311 1620 3355 ut
1641 3306 1828 3355 otium
1847 3302 1997 3354 mihi
2016 3318 2140 3355 non
2159 3303 2352 3367 super·

59 3387 105 3423 40
153 3371 326 3424 fuerit
341 3388 412 3425 ea
424 3372 520 3424 vel
533 3372 710 3425 semel
723 3375 787 3424 in
799 3388 1015 3426 manus
1029 3373 1376 3435 resumendi,
1399 3375 1621 3426 nedum
1638 3374 1870 3438 plenius
1887 3374 2353 3496 recognoscensdii

2282 3460 2313 3496 e
