2678 4022
298 296 367 347 60
831 291 1271 344 EPISTOLAE
1296 291 1965 345 ASTRONOMICAE

299 434 753 499 RANZOVIO]‚
781 434 876 486 sed
904 440 959 485 et
987 433 1110 498 [ipfi
1130 434 1270 499 Regi
1295 433 1489 486 illatas
1509 434 1800 499 superavit
1819 450 2068 487 manum
2087 435 2234 487 forte
2255 451 2378 487 non
2397 451 2496 503 va-

299 524 472 559 cuam
492 504 832 571 porrigens].
855 505 948 556 De
971 504 1359 570 [PEPLERO]
1382 506 1542 570 quod
1562 501 1584 573 ΙΙ
1603 506 1829 570 pudore
1850 506 2134 570 quosdam
2154 506 2435 566 affeceriS,
2456 506 2498 558 fi
2545 516 2597 559 lv

297 579 476 629 modo
498 593 675 641 quem
695 576 930 634 habent,
958 575 1108 629 recte
1130 576 1370 641 quidem
1390 592 1427 629 a
1445 583 1500 628 te
1520 575 1756 637 factum,
1782 577 1878 629 sed
1904 577 2054 629 nihil
2078 584 2200 630 tam
2223 580 2498 642 iniquum

299 650 388 709 est,
411 652 554 712 quin
574 648 614 698 fi
634 647 782 698 mihi
803 647 926 699 ullo
947 648 1127 699 modo
1148 647 1498 708 adversetur,
1521 663 1764 712 aequum
1783 647 1861 700 fit.
1888 648 2009 713 Ego
2028 663 2171 700 vero
2191 648 2342 700 nihil
2360 649 2497 700 inde

296 735 556 779 moveor,
587 718 789 770 saltem
817 718 1132 770 hominum
1162 719 1540 783 quorundam
1570 718 1852 770 effrenem
1879 719 2170 771 malitiam
2200 725 2255 771 et
2284 719 2496 771 consci-
2546 737 2567 771 5

298 794 517 842 entiam
543 792 719 840 nimis
744 789 928 841 latam
954 790 1226 849 demiror,
1255 790 1468 854 quibus
1494 789 1595 842 fibi
1621 789 1724 854 ipfi
1743 789 1876 853 plus
1896 796 2111 842 nocent
2131 806 2314 854 quam
2332 790 2497 843 mihi.

297 862 480 913 Iudex
506 860 795 925 generalis
824 859 1185 925 [Bergenfis],
1214 863 1315 925 qui
1343 876 1478 912 cum
1501 860 1616 912 suis
1636 861 1984 913 assessoribus
2003 861 2348 913 sententiam
2367 877 2498 926 pro-

295 934 442 993 tulit,
472 948 605 983 eam
630 932 800 983 facile
820 931 1092 992 tuebitur,
1118 932 1159 983 fi
1184 935 1277 983 ius
1303 932 1502 983 locum
1521 934 1827 992 invenerit,
1854 931 1939 983 fin
1963 934 2179 992 minuS,
2205 932 2500 985 transeant

297 1004 397 1054 ista
426 1019 561 1055 cum
591 1006 831 1054 caeteris,
865 1004 987 1068 Ego
1016 1018 1111 1054 me
1141 1005 1228 1068 iJ'S,
1262 1003 1367 1054 nifi
1397 1003 1722 1055 admodum
1749 1002 1924 1055 fuerit
1951 1004 2344 1064 necessarium,
2373 1019 2499 1056 non

295 1075 563 1126 miscebo,
586 1075 824 1126 Interim
839 1081 1056 1135 tamen,
1076 1090 1211 1138 quae
1226 1090 1263 1126 a
1275 1090 1371 1126 me
1386 1074 1666 1138 accepisti,
1691 1073 2088 1139 [Laumanno]
2105 1078 2497 1136 communica,
2552 1092 2595 1127 10

296 1153 375 1207 ut,
411 1162 783 1210 quaecunque
815 1162 887 1197 ex
914 1148 986 1211 ijs
1014 1146 1378 1210 probationis
1409 1148 1719 1197 contrariae
1751 1145 1882 1197 loco
1914 1148 2231 1210 expetierit,
2265 1145 2497 1207 habeat,

296 1224 398 1269 aut
419 1220 596 1269 etiam
616 1215 949 1281 [Praefectus
963 1216 1153 1282 meus]
1172 1220 1334 1281 prius
1349 1217 1422 1269 ab
1440 1215 1787 1281 [ESCILLO
1803 1215 2026 1269 BILLE
2042 1223 2096 1268 et
2109 1216 2186 1282 te]
2202 1215 2499 1270 instinctus

296 1288 398 1340 illa
417 1295 721 1353 proponet.
744 1289 980 1340 Addam
994 1287 1190 1340 adhuc
1203 1288 1391 1353 plura,
1406 1287 1447 1339 fi
1462 1303 1597 1352 quae
1612 1291 1897 1340 invenero
1912 1288 2029 1340 huc
2043 1288 2334 1340 facientia.
2357 1288 2497 1341 Sen-

295 1363 540 1411 tentiam
561 1359 944 1423 conscriptam
969 1360 1148 1411 iudex
1173 1359 1413 1424 ipsemet
1433 1359 1670 1420 adferet,
1697 1374 1806 1411 nec
1833 1358 2143 1411 difficulter
2163 1358 2498 1412 obiec‘tioni-

234 1454 238 1457 ·
296 1431 406 1482 bus
426 1431 660 1495 lingulis
682 1431 954 1483 obviabit.
977 1430 1183 1495 Scripfi
1203 1431 1278 1483 ad
1298 1430 1468 1482 illum
1487 1430 1782 1483 nonnulla
1801 1430 1913 1483 hac
1934 1431 2005 1483 de
2026 1446 2105 1490 re,
2126 1430 2222 1482 sed
2236 1430 2387 1482 nihil
2400 1431 2498 1483 ad·
2553 1448 2595 1482 15

297 1502 413 1553 huc
440 1502 691 1566 responsi
718 1505 931 1566 accepi.
961 1502 1320 1554 Citationem
1345 1504 1469 1553 una
1493 1501 1634 1561 mifi,
1663 1517 1844 1566 quam
1871 1504 1920 1553 is
1945 1508 2147 1554 tamen
2169 1501 2316 1554 forte
2337 1505 2500 1566 prius

298 1574 563 1625 obtinuit.
585 1573 743 1624 Mihi
763 1573 913 1624 nihil
934 1574 1004 1625 de
1024 1589 1110 1633 ea,
1136 1572 1262 1638 [nifi
1280 1572 1446 1637 exte]
1467 1573 1698 1624 constat.
1720 1574 1821 1624 An
1837 1572 2240 1638 [Uraniburgi]
2258 1571 2407 1625 lecta
2419 1573 2498 1635 fit,

298 1651 399 1696 aut
428 1645 623 1696 adhuc
652 1644 916 1709 legenda,
946 1647 1170 1709 ignoro,
1201 1644 1315 1696 Sed
1342 1644 1628 1708 quidquid
1654 1644 1732 1705 fit,
1763 1644 2005 1709 perinde
2037 1644 2127 1704 est,
2157 1660 2266 1695 nec
2295 1651 2500 1696 teneor

296 1716 617 1767 secundum
635 1716 832 1780 LegeS‚
854 1715 895 1766 fi
915 1716 1094 1767 modo
1114 1716 1348 1779 pondus
1368 1715 1669 1775 haberent,
1692 1717 1954 1767 citationi
1973 1715 2292 1781 illegitimae
2308 1722 2364 1767 et
2375 1731 2500 1768 non

297 1803 517 1838 annuae
548 1787 889 1846 auscultare,
925 1786 1144 1838 etiamfi
1173 1802 1265 1838 res
1294 1789 1538 1838 maioris
1568 1787 1695 1838 esset
1721 1789 2024 1839 momenti.
2057 1787 2245 1840 Dette
2273 1802 2348 1840 er
2370 1785 2500 1854 Iige
2549 1803 2595 1838 20

288 1856 403 1923 saa
423 1860 565 1924 gott
579 1856 716 1923 som
738 1859 851 1909 3111ι
869 1858 999 1910 dett
1016 1857 1214 1919 andit,·
1236 1871 1401 1909 naar
1423 1858 1498 1910 de
1519 1872 1661 1911 erre
1682 1859 1867 1911 trette
1887 1857 1987 1910 aff
1995 1858 2174 1920 dette,
2195 1855 2311 1923 saa
2329 1858 2504 1910 kand

298 1930 372 1981 de
394 1924 413 1996 ΙΙ
434 1928 599 1981 finde
614 1943 740 1995 paa
760 1943 969 1996 nogen
991 1945 1081 1996 ny
1098 1928 1377 1981 Huffroe.
1406 1929 1527 1994 Ego
1551 1931 1785 1981 interim
1806 1929 1925 1981 alia
1945 1932 2150 1994 cogito,
2178 1929 2356 1992 Quod
2376 1936 2499 1982 tam
2530 1938 2624 1982 ·1·2¹·

296 2000 416 2051 fuse
438 2016 572 2051 cum
597 1999 972 2065 [Cancellarij
996 1999 1204 2065 uxore]
1228 2000 1299 2052 de
1319 2015 1416 2051 me
1436 2000 1721 2065 rebusque
1742 2003 1890 2052 meis
1909 2000 2140 2052 locutus
2160 2000 2247 2061 fis,
2271 1998 2423 2052 recte
2444 2006 2499 2052 et

298 2072 531 2123 cordate
562 2087 598 2122 a
627 2077 681 2123 te
712 2070 946 2123 factum.
978 2071 1208 2123 Vellem
1237 2071 1432 2123 adhuc
1460 2071 1910 2135 particulariora
1937 2071 2094 2132 scire,
2128 2078 2305 2136 atque
2336 2078 2399 2123 ut
2429 2087 2501 2124 ea

297 2143 417 2206 ipsa
443 2158 546 2207 per
573 2142 937 2194 occasionem
964 2142 1312 2206 (dummodo
1338 2143 1594 2195 induciae
1622 2146 1772 2194 inter
1790 2158 1898 2194 vos
1918 2142 2068 2206 sunt)
2097 2143 2295 2195 denuo
2315 2142 2498 2195 incul-
2548 2160 2594 2194 25

297 2230 477 2274 careS,
498 2214 708 2265 additis
729 2216 1167 2279 commentarijs
1181 2220 1235 2266 et
1250 2213 1823 2278 amplificationibus
1846 2214 2186 2266 Existimant
2208 2213 2498 2279 [Machia-

295 2285 532 2336 vellistae
553 2284 657 2349 isti]
680 2285 812 2337 suas
832 2285 1304 2337 machinationes
1324 2288 1406 2337 ita
1425 2285 1623 2345 latere,
1650 2292 1714 2337 ut
1736 2301 1915 2337 nemo
1935 2288 1999 2337 in
2021 2283 2265 2350 [Dania]
2287 2291 2500 2350 praeter

297 2356 576 2407 authores
607 2372 707 2407 eas
737 2356 1034 2421 intelligat.
1066 2357 1306 2408 Interim
1336 2364 1551 2408 exterae
1578 2359 1850 2408 nationes
1878 2357 1949 2408 de
1974 2356 2068 2408 his
2092 2356 2418 2421 loquuntur
2445 2362 2500 2408 et

296 2427 568 2487 scribunt;
597 2430 682 2478 uti
702 2427 796 2478 vel
823 2443 895 2479 ex
921 2427 1033 2479 hac
1059 2427 1295 2491 epistola
1315 2427 1463 2479 mihi
1483 2443 1521 2479 a
1538 2434 1642 2479 tuo
1663 2427 1891 2479 discessu
1911 2428 2085 2488 missa,
2113 2443 2295 2492 quam
2313 2443 2497 2493 prope

296 2514 422 2549 rem
457 2498 640 2563 ipsam
675 2501 737 2550 in
770 2498 989 2563 Anglia
1024 2501 1330 2563 attigerint,
1367 2498 1691 2563 cognosces
1732 2498 1926 2563 Ipsum
1962 2498 2245 2564 originale
2281 2498 2497 2558 addidi,
2547 2515 2594 2550 30

297 2569 460 2630 mihi,
488 2570 589 2621 ubi
616 2569 989 2633 descripseriS‚
1017 2570 1451 2630 remittendum,
1478 2576 1543 2621 ut
1568 2585 1639 2621 eo
1667 2572 1878 2621 certius
1903 2570 2197 2634 probetur,
2227 2585 2323 2621 me
2349 2569 2500 2622 nihil

296 2643 359 2691 in
380 2656 451 2691 eo
471 2642 724 2692 mutasse.
753 2639 974 2693 Doctor
994 2641 1242 2693 IANUS
1264 2640 1590 2700 MULIUS,
1619 2643 1720 2705 qui
1746 2640 1843 2693 hic
1869 2656 2059 2705 nuper
2078 2641 2238 2705 apud
2256 2656 2353 2692 me
2373 2640 2498 2701 fuit,

297 2710 615 2764 Doctorem
635 2711 821 2771 illum,
852 2715 953 2776 qui
975 2727 1046 2764 ea
1065 2711 1290 2776 scripfit,
1312 2714 1375 2763 in
1396 2712 1580 2772 Italia,
1608 2719 1930 2776 antequam
1949 2718 2254 2776 promotus
2276 2712 2366 2772 est,
2393 2727 2498 2764 no-

296 2786 393 2842 vit,
425 2790 479 2834 et
507 2798 578 2834 ex
605 2783 736 2848 alijs
765 2783 946 2834 literis
973 2783 1048 2835 ad
1074 2783 1129 2834 se
1156 2783 1305 2835 datis
1335 2786 1478 2844 61115,
1508 2785 1593 2834 uti
1621 2783 1770 2835 mihi
1799 2783 2008 2842 retulit,
2041 2783 2500 2848 chirographum

298 2857 584 2919 cognovit.
606 2854 660 2905 Is
680 2854 783 2906 tibi
802 2854 1017 2906 secreto
1037 2854 1337 2906 sciscitanti
1356 2854 1530 2918 plura
1548 2853 1772 2906 referet.
1795 2854 1957 2906 Nam
1972 2860 2026 2906 et
2039 2854 2124 2906 illi
2142 2854 2496 2918 exemplum,
2546 2871 2592 2906 35

296 2933 360 2976 ut
380 2925 480 2977 fibi
501 2925 856 2986 describeret,
877 2925 1125 2990 permisi,
1151 2941 1270 2990 quo
1292 2941 1363 2977 eo
1383 2925 1613 2977 facilius
1636 2924 2159 2990 [Machiavellistis]
2181 2925 2497 2977 innotesce-

297 3003 397 3055 ret,
426 3003 601 3060 atque
627 3003 691 3047 ut
717 2996 856 3047 hinc
878 2999 1259 3061 perciperent,
1287 3012 1469 3060 quam
1490 3002 1659 3048 caute
1680 3003 1735 3048 et
1754 2997 2071 3061 prudenter
2091 2996 2191 3048 fibi
2209 2996 2341 3061 ipfis
2362 3012 2497 3048 con-

296 3067 592 3118 suluerint.
623 3067 782 3130 Quid
804 3068 1014 3119 eruditi
1040 3069 1238 3132 passim
1256 3070 1320 3119 in
1342 3067 1670 3120 Germania
1691 3073 1867 3131 atque
1889 3067 2029 3119 alibi
2050 3068 2121 3120 de
2140 3083 2276 3119 mea
2295 3067 2498 3119 isthinc

299 3141 680 3202 emigratione
694 3138 956 3199 sentiant,
972 3138 1216 3203 longum
1230 3138 1378 3190 foret
1391 3138 1623 3198 referre,
1637 3154 1831 3203 neque
1846 3138 2193 3191 nostratibus
2206 3138 2353 3190 forte
2364 3138 2498 3190 satis

297 3208 711 3260 honorificum.
742 3209 948 3261 Habes
970 3209 1067 3261 hic
1087 3212 1210 3261 una
1229 3209 1405 3261 solius
1426 3209 1772 3271 MONAVIJ
1794 3209 2278 3261 Wratislavienfis
2297 3209 2495 3261 literas
2544 3225 2592 3259 40

298 3280 374 3331 ad
393 3295 488 3331 me
510 3296 783 3343 nuperaS,
808 3296 956 3345 quas
977 3283 1151 3344 cupio
1171 3280 1319 3332 mihi
1339 3283 1569 3340 remitti,
1598 3280 1811 3344 quibus
1831 3283 1894 3332 in
1914 3287 2204 3345 quantum
2223 3280 2384 3332 hunc
2405 3295 2495 3332 ca-

298 3350 424 3402 sum
446 3346 466 3418 ΙΙ
488 3358 808 3415 exaggeret,
835 3354 1136 3416 percipies,
1158 3352 1308 3403 adeo
1328 3358 1392 3404 ut
1413 3351 1674 3416 quodam
1693 3354 1756 3403 in
1775 3351 1907 3404 loco
1927 3354 2104 3403 nimis
2123 3350 2497 3416 hyperbolice
2539 3359 2598 3402 2v

2202 3422 2495 3486 loquatur.
