2638 3970
382 300 614 352 IOAN.
643 299 968 351 KEPLER
995 299 1117 350 AD
1143 298 1650 352 TYCHONEM
1677 297 1811 365 7117
1839 299 2027 352 OCT.
2056 300 2202 352 1600
2286 302 2390 355 385

194 442 371 506 idque
391 440 803 493 tantummodo
824 441 1095 492 Lincium
1115 440 1313 504 usque.
1334 440 1530 492 Taceo
1553 448 1775 504 quanto
1796 444 1917 494 iam
1937 444 1999 493 in
2020 457 2137 494 aere
2160 442 2264 494 fim
2286 442 2390 495 ho-

193 512 348 577 spitis
368 515 502 564 mei.
529 511 758 563 Restant
777 511 925 563 mihi
944 511 1223 576 impensae
1243 527 1367 562 non
1386 511 1600 576 plureS‚
1629 528 1811 575 quam
1833 514 2045 577 quibus
2066 514 2141 565 ad
2160 529 2392 566 moram

195 591 449 648 quatuor
467 582 926 642 hebdomadum,
955 589 1010 634 et
1036 582 1247 634 deinde
1268 582 1343 634 ad
1363 585 1471 633 iter
1491 582 1653 634 aliud
1678 583 1875 646 (breve
1896 585 2118 648 tamen)
2140 586 2390 650 indige0.

69 663 175 706 165¹·
194 655 353 706 Intra
381 654 490 706 has
520 660 775 717 quatuor
803 653 1207 705 hebdomadas
1238 652 1555 717 expectabo
1587 661 1864 705 eventum
1894 650 1915 722 ΙΙ
1944 655 2118 707 nostri
2147 658 2391 721 negocij.

123 744 145 777 5
194 726 274 777 At
287 724 694 785 nihilominuS,
709 724 1034 776 dummodo
1049 739 1153 788 per
1166 723 1568 776 valetudinem
1582 724 1767 784 liceat,
1783 727 1846 776 in
1861 741 2100 777 omnem
2116 734 2394 779 eventum

194 795 342 848 mihi
371 796 530 861 apud
556 796 803 860 Legatos
828 795 1166 860 Principum
1195 795 1267 847 de
1297 795 1611 847 commoda
1640 797 1976 848 conditione
2005 797 2259 862 legitime
2289 801 2393 850 cir-

194 867 586 932 cumspiciam,
613 866 686 918 fic
712 874 928 927 tamen,
956 874 1020 918 ut
1039 866 1079 917 fi
1100 866 1242 930 quid
1261 869 1485 918 interea
1507 866 1952 930 Magnificentia
1971 867 2103 919 Tua
2124 868 2393 928 effecerit,

194 939 253 991 id
273 945 483 998 ratum,
508 944 721 990 caetera
740 940 903 989 irrita
922 937 1043 989 fint.
1072 937 1190 990 Ubi
1209 936 1324 989 hoc
1343 943 1575 1001 tempus
1593 937 1893 997 transierit,
1921 944 2097 1003 atque
2119 939 2393 1004 Magnifi-

195 1012 386 1061 centia
404 1009 536 1062 Tua
561 1009 934 1074 postulaverit
959 1024 995 1060 a
1021 1024 1134 1069 me,
1162 1014 1226 1059 ut
1251 1009 1469 1060 diutius
1494 1023 1791 1069 maneam,
1819 1009 1877 1060 id
1904 1025 2028 1061 non
2054 1011 2221 1061 aliter
2246 1010 2395 1062 mihi

104 1098 146 1132 ιο
194 1080 446 1146 possibile
468 1080 558 1140 est,
579 1080 685 1131 nifi
704 1086 808 1132 aut
826 1082 1108 1132 viaticum
1126 1079 1274 1131 mihi
1292 1095 1328 1131 a
1345 1079 1793 1144 Magnificentia
1805 1079 1938 1132 Tua
1956 1096 2063 1145 pro
2083 1080 2320 1134 vectura
2341 1088 2396 1133 et

193 1151 350 1204 victu
368 1151 697 1203 restituatur
716 1151 809 1203 150
828 1150 904 1210 fl.,
925 1157 989 1203 ut
1008 1151 1128 1202 duo
1147 1150 1286 1203 vasa
1304 1166 1441 1202 mea
1460 1150 1578 1202 huc
1597 1150 1985 1211 advehantur‚
2006 1166 2082 1203 ne
2103 1167 2238 1216 quae
2260 1168 2394 1204 con-

194 1223 393 1275 vasata
406 1222 551 1283 sunt,
571 1222 678 1274 fitu
691 1229 951 1287 pereant,
973 1229 1075 1274 aut
1089 1221 1536 1287 Magnificentia
1548 1221 1681 1273 Tua
1693 1222 1955 1286 praedem
1972 1222 2027 1274 se
2044 1223 2268 1287 praestet
2287 1239 2395 1288 pro

194 1310 290 1346 me
305 1295 464 1359 apud
478 1294 627 1354 11103,
642 1309 679 1345 3
693 1294 906 1358 quibus
920 1294 1230 1345 necessaria
1243 1293 1391 1344 mihi
1405 1293 1481 1345 ad
1494 1291 1714 1345 victum
1728 1294 2053 1345 coemenda
2066 1294 2210 1346 sunt.
2233 1294 2394 1358 Quo-

195 1381 329 1418 rum
348 1364 494 1417 illud
513 1365 555 1416 fi
573 1365 886 1428 praestetur,
908 1365 983 1417 ad
1002 1364 1264 1416 semestre
1285 1364 1485 1429 usque,
1513 1364 1679 1416 DEO
1699 1367 1883 1416 vitam
1902 1372 2271 1430 prorogante,
2300 1381 2395 1417 ex-

105 1454 146 1488 15
195 1435 425 1502 pectare
444 1443 671 1500 potero:
693 1436 776 1487 fin
796 1435 910 1488 hoc
930 1442 1146 1497 autem,
1168 1436 1442 1499 tantisper
1462 1435 1675 1487 durare
1695 1435 1874 1499 potest
1893 1451 2063 1488 mora
2082 1452 2232 1496 mea,
2254 1436 2397 1488 dum

195 1509 255 1560 id
275 1507 736 1573 Magnificentiae
756 1507 904 1559 Tuae
926 1514 981 1559 et
1002 1507 1405 1559 Creditoribus
1425 1507 1754 1559 allubescat.
1777 1507 2008 1559 Interea
2023 1507 2398 1559 Astronomia

197 1586 252 1631 et
270 1579 502 1631 labores
523 1578 985 1643 Magnificentiae
1005 1578 1152 1631 Tuae
1173 1584 1352 1630 tantae
1373 1578 1522 1630 mihi
1546 1594 1703 1630 eurae
1728 1584 1914 1639 erunt,
1943 1585 2230 1642 quantam
2254 1578 2398 1630 feret

195 1650 473 1702 valetudo
500 1665 651 1702 mea.
679 1650 843 1713 Quin
869 1652 1048 1702 etiam
1073 1650 1114 1701 fi
1139 1652 1452 1714 negocium
1478 1665 1551 1701 ex
1577 1652 1763 1701 animi
1784 1649 2067 1702 sententia
2087 1650 2245 1714 apud
2267 1649 2397 1702 Cae-

195 1722 421 1774 [aream
442 1721 810 1773 Maiestatem
831 1721 1126 1782 conficiaS‚
1152 1724 1569 1785 viaticumque,
1596 1723 1682 1772 uti
1706 1721 1866 1784 spem
1887 1720 2077 1780 fecisti,
2105 1724 2396 1785 impetres,

101 1809 148 1843 20
197 1793 270 1845 ab
292 1809 363 1844 eo
383 1792 676 1844 summam
703 1807 853 1853 eam,
881 1808 1017 1856 quae
1043 1795 1268 1844 interea
1294 1791 1443 1843 mihi
1463 1807 1500 1843 a
1519 1791 1967 1857 Magnificentia
1985 1791 2116 1844 Tua
2140 1807 2398 1843 commo-

196 1864 334 1916 data
364 1863 552 1924 fuerit,
587 1864 886 1928 demptam
919 1863 1381 1928 Magnificentiae
1407 1863 1555 1915 Tuae
1588 1863 1898 1915 restituam.
1933 1863 2097 1927 Quin
2130 1866 2308 1915 etiam
2340 1863 2399 1914 id

197 1938 350 1987 intra
369 1935 479 1987 has
499 1935 532 1986 4
552 1934 906 1999 septimanas
926 1950 1171 2000 operam
1191 1934 1362 1994 dab0,
1383 1940 1447 1986 ut
1467 1934 1682 1998 aliquis
1702 1934 1854 1986 alius
1868 1934 2017 1986 mihi
2031 1935 2090 1986 id
2103 1934 2397 1993 salarium,

197 2007 357 2071 quod
374 2006 562 2071 Gratij
586 2005 786 2065 habui,
807 2008 871 2057 in
890 2006 1004 2058 hoc
1023 2006 1332 2058 biennium
1350 2006 1584 2069 pendat,
1605 2021 1713 2069 pro
1729 2021 1848 2069 quo
1864 2006 2154 2070 obligatus
2173 2005 2259 2056 illi
2278 2005 2398 2064 fim,

198 2075 402 2130 exacto
423 2084 685 2141 tempore
706 2080 769 2128 in
790 2080 916 2129 eius
936 2077 1234 2129 servitium
1253 2077 1508 2128 tranfire.
1537 2077 1735 2128 Habet
1760 2079 1934 2141 igitur
1954 2076 2400 2141 Magnificentia

103 2165 148 2199 25
197 2149 330 2201 Tua
354 2148 646 2200 summam
673 2148 1048 2200 confiliorum
1073 2163 1368 2200 meorum:
1400 2164 1535 2212 quae
1562 2155 1626 2199 ut
1651 2147 1799 2199 mihi
1824 2150 1990 2212 inopi
2016 2154 2072 2199 et
2097 2148 2318 2199 deserto
2346 2154 2400 2198 et

199 2220 358 2272 exuli
379 2222 584 2271 nonin
603 2222 866 2283 peiorem
886 2226 1113 2284 partem
1133 2222 1558 2284 interpretetur,
1580 2219 1796 2271 obnixe
1816 2234 1976 2284 rogo,
1992 2218 2156 2270 Vale.
2179 2220 2251 2271 17.
2275 2217 2398 2271 oa.

853 2314 1315 2380 Magnificentiae
1337 2321 1391 2366 et
1411 2313 1750 2365 Nobilitatis

1283 2385 1431 2437 Tuae
1454 2384 1904 2437 Officiofissimus

1754 2456 1839 2507 M.
1868 2456 1958 2508 ῙΟ.
1986 2456 2258 2508 KEPLER.

105 2573 151 2608 30
201 2574 250 2619 [E
272 2574 416 2611 codiee
438 2573 688 2610 Monacensi
709 2573 813 2610 Bibl.
835 2573 959 2610 Univ.
979 2554 1049 2610 693
1069 2573 1114 2609 in
1133 2572 1199 2618 20]

368 2661 871 2734 IOANNES
914 2660 1492 2735 GEORGIUS
1536 2659 2236 2732 HERWARTUS

496 2766 601 2816 AB
629 2765 1154 2818 HoHENBURG
1179 2765 1296 2817 AD
1323 2765 1790 2818 TYCHONEM
1818 2763 2106 2815 BRAHE.

546 2869 578 2918 s?
632 2860 689 2911 X
721 2863 943 2920 itinere,
978 2876 1096 2925 quo
1128 2876 1368 2925 peregre
1398 2860 1678 2920 abieram,
1705 2860 1809 2911 Vir
1839 2858 2197 2910 Nobilissime
2227 2863 2403 2921 atque

422 2996 443 3000 Ι,
477 2986 492 3002 ,
590 2935 593 2937 ’
635 2931 1200 2983 Mathematicorum
1220 2934 1493 2983 omnium
1512 2931 1683 2983 facile
1703 2931 1994 2994 PrincepS,
2021 2932 2142 2981 iam
2164 2928 2404 2980 tandem

397 3066 403 3069 ι
483 3017 510 3047 :s
598 3038 599 3041 κ
634 3002 912 3063 1017011113,
940 3002 1117 3067 relegi
1142 3003 1339 3054 literas
1365 3009 1497 3054 tuas
1523 3003 1592 3053 28
1616 3002 1709 3054 die
1729 3001 1972 3066 Augusti
1998 3001 2073 3052 ad
2098 3015 2193 3051 me
2221 3000 2402 3058 dataS,

347 3081 349 3123 t
412 3084 415 3088 ·
453 3095 507 3121 -ι-
636 3079 691 3124 et
723 3088 795 3124 ex
830 3072 1117 3126 adiunctis
1154 3074 1437 3138 exemplis
1474 3073 1851 3137 deprehendi,
1886 3087 1982 3123 me
2016 3070 2194 3122 semel
2227 3076 2404 3134 atque

288 3169 293 3183 ,
391 3144 397 3152 ’·
592 3155 595 3158 ⁴
634 3146 848 3195 iterum
876 3147 939 3195 in
969 3144 1195 3196 calculo
1224 3144 1452 3209 lapsum
1482 3145 1601 3203 esse,
1636 3159 1756 3207 quo
1788 3145 2031 3203 nomine
2061 3144 2274 3207 gratias
2302 3141 2404 3193 tibi

231 3220 238 3230 ‘
422 3244 425 3246 ·
450 3244 454 3246 -
636 3230 746 3279 ago
768 3217 839 3266 eo
859 3217 1131 3267 maiores.
1160 3215 1274 3267 Sed
1294 3218 1563 3279 inprimis
1583 3215 1807 3266 summe
1830 3216 2029 3274 miror,
2056 3219 2233 3277 atque
2254 3212 2404 3264 adeo

202 3283 335 3335 satis
355 3285 559 3335 mirari
578 3299 830 3349 neque0,
852 3286 1145 3338 calculum
1164 3293 1334 3337 tuum
1354 3287 1723 3337 novissimum
1741 3284 2030 3349 Eclipseos
2048 3283 2269 3336 Solaris
2289 3284 2406 3335 diei

109 3371 155 3404 40
204 3355 262 3405 10
282 3355 410 3420 Iulij
441 3354 619 3407 huius
646 3359 790 3408 anni
817 3356 1237 3424 ἀκριβέστατον
1263 3363 1385 3408 tam
1410 3356 1647 3420 praecise
1675 3355 2065 3409 observationi
2092 3354 2306 3407 coelesti
2329 3356 2405 3405 ei-

346 3436 393 3471 49
2154 3427 2405 3488 demque
