2652 4022
86 1109 128 1144 10

87 1466 129 1500 15

84 1822 131 1856 20

87 2179 133 2213 25

90 2891 136 2926 35

175 307 478 361 TYCHO
499 307 622 360 AD
643 305 1468 360 ROSENCRANTZIUM
1488 303 1846 372 30AUG.J9
1867 304 2086 358 SEPT.
2103 304 2249 358 1599
2287 305 2379 358 167

176 465 313 515 quae
342 449 487 510 1000,
516 449 558 501 fi
586 454 1015 513 computentur,
1049 449 1355 501 excedunt.
1389 448 1542 500 Haec
1571 448 1822 501 Senatus
1851 447 2114 501 consulto
2146 445 2380 513 peracta

175 521 320 582 sunt,
354 520 704 586 quibusdam
734 519 794 571 id
825 518 996 572 facile
1029 520 1508 584 approbantibuS,
1542 526 1602 572 at
1632 519 1916 584 pluribus,
1949 522 2035 572 uti
2065 519 2194 571 fieri
2223 518 2380 579 solet,

175 592 452 645 nonnihil
471 589 907 652 reluctantibus
929 592 1090 656 quod
1109 606 1289 642 nemo
1311 606 1384 642 ex
1403 590 1534 651 illis,
1557 594 1659 655 qui
1678 591 1944 655 pluribus
1965 593 2140 643 annis
2161 589 2381 643 Caesari

176 663 562 728 inservijssent,
594 669 826 715 tantum
856 662 1142 714 haberent
1170 661 1465 714 salarium.
1495 662 1646 713 Vicit
1674 669 1876 714 tamen
1906 662 2156 715 Caesaris
2190 703 2380 714 ......

111 755 133 772 v
179 776 332 787 .....
361 737 413 787 ci
441 741 506 786 ut
530 734 604 786 fic
632 733 798 786 fieret
826 733 978 794 urfit,
1007 728 1028 802 ΙΙ
1055 748 1310 798 cumque
1338 748 1443 798 per
1471 731 1816 798 praedic'tum
1842 733 2173 785 Dominum
2202 733 2382 785 BAR-

175 805 472 859 VICIUM
497 805 646 857 mihi
671 805 786 857 hoc
812 804 1120 870 significari
1146 805 1399 865 curasset,
1425 805 1571 856 iussit
1596 804 1830 869 insuper
1856 805 1985 866 dici,
2012 805 2053 856 fi
2078 805 2208 857 haec
2234 804 2382 856 mihi

176 893 299 930 non
318 876 664 937 sufficerent,
688 879 826 928 etin
844 876 1137 941 posterum
1157 876 1465 941 quidpiam
1484 875 1888 936 desiderarem,
1915 891 2024 928 nec
2043 876 2146 928 fibi
2167 877 2269 928 esse
2291 891 2381 928 ac-

177 955 465 1001 curtatam
484 963 750 1008 manum,
771 963 880 1000 nec
900 947 1048 999 mihi
1068 948 1407 1000 obturatum
1428 963 1512 1007 OS,
1534 948 1694 1012 quod
1714 947 1806 999 his
1826 947 1958 1011 ipfis
1977 948 2172 1000 verbis
2192 948 2267 1000 ad
2286 963 2382 999 me

175 1020 334 1072 idem
353 1019 549 1072 retulit
569 1019 1009 1072 BARVICIUS.
1038 1019 1202 1083 Quin
1228 1026 1283 1071 et
1307 1019 1554 1071 feudum
1573 1018 1894 1071 secundum
1916 1019 2384 1071 constitutionem

177 1092 410 1157 Imperij
434 1091 894 1151 haereditarium,
916 1097 981 1143 ut
999 1090 1197 1143 liberis
1218 1097 1273 1143 et
1291 1089 1536 1142 familiae
1553 1106 1706 1142 meae
1723 1090 1844 1154 post
1857 1105 1953 1141 me
1970 1090 2382 1150 consuleretur,

177 1162 628 1216 Clementissime
641 1178 752 1215 nec
765 1165 946 1215 invite
961 1162 1200 1222 addixit,
1220 1178 1402 1227 quam
1415 1164 1676 1227 primum
1690 1161 1933 1226 aliquod
1947 1164 2010 1213 in
2023 1161 2138 1213 suis
2153 1162 2383 1213 ditioni-

175 1235 286 1287 bus
295 1234 392 1286 vel
406 1234 662 1300 Imperio
674 1236 913 1295 vacarit,
929 1234 1090 1299 quod
1103 1232 1252 1285 mihi
1267 1240 1322 1286 et
1335 1236 1484 1286 meis
1499 1233 1881 1286 commodum
1897 1234 2039 1285 esset.
2054 1232 2191 1296 Qua
2206 1235 2385 1285 etiam

177 1306 249 1359 de
275 1321 338 1358 re
363 1305 578 1367 literaS,
607 1321 756 1371 quas
777 1312 994 1358 vocant
1018 1306 1395 1370 promissivaS,
1421 1306 1585 1358 brevi
1611 1311 1973 1369 accepturus.
2002 1305 2073 1356 Et
2098 1306 2385 1369 quoniam

176 1393 273 1429 me
299 1377 501 1443 Pragae
528 1378 686 1430 aedes
711 1377 1030 1430 Cuttianas
1055 1392 1180 1429 non
1206 1377 1532 1430 admodum
1560 1391 1774 1441 cupere
1802 1375 2009 1440 (habui
2035 1378 2195 1427 enim
2220 1390 2385 1427 meas

179 1452 453 1509 rationes,
481 1464 616 1501 cum
643 1449 803 1514 quod
822 1449 1084 1509 viduam,
1112 1464 1248 1514 quae
1273 1463 1374 1501 eas
1397 1447 1592 1501 adhuc
1618 1447 1923 1507 inhabitat,
1949 1462 2087 1499 mea
2106 1447 2178 1499 de
2200 1447 2387 1499 caussa

179 1523 465 1585 emigrare
494 1520 698 1582 nolim,
730 1527 857 1573 tum
887 1520 1048 1585 quod
1076 1522 1276 1585 nimijs
1303 1519 1744 1580 vifitationibuS,
1777 1522 1842 1570 in
1871 1526 2036 1571 tanta
2066 1518 2386 1583 praesertim

179 1594 427 1652 civitate,
442 1607 626 1656 prope
634 1592 852 1644 Arcem
866 1592 1160 1644 obnoxius
1175 1590 1364 1655 essem)
1377 1591 1662 1643 intellexit
1673 1590 1888 1651 Caesar,
1900 1590 2159 1655 promifit
2173 1589 2385 1641 nihilo-

178 1665 378 1715 minus
410 1663 839 1715 clementissime
875 1663 1057 1715 aliam
1091 1666 1155 1715 in
1186 1663 1331 1716 urbe
1367 1662 1795 1715 habitationem
1829 1661 1979 1714 mihi
2011 1668 2385 1726 oportunam,

179 1749 379 1799 quam,
400 1734 503 1786 ubi
518 1750 590 1787 eo
605 1735 962 1795 accederem,
983 1734 1098 1786 five
1111 1742 1373 1795 vocatuS‚
1393 1734 1508 1786 five
1523 1734 1741 1799 sponte,
1763 1749 1900 1786 cum
1913 1736 2062 1785 meis
2077 1732 2386 1785 commode

179 1805 437 1858 incolere
468 1806 699 1870 possem,
733 1812 789 1858 et
819 1809 1060 1871 propria
1088 1806 1316 1871 quadra
1343 1808 1543 1858 vivere
1572 1808 1922 1869 minoreque
1951 1805 2205 1869 sumptu;
2239 1804 2386 1856 forte

179 1883 380 1930 tamen
402 1877 754 1930 Curtianam
777 1877 943 1930 illam
962 1877 1066 1929 suo
1085 1884 1350 1942 tempore
1370 1879 1674 1942 accipiam,
1701 1876 1803 1928 ubi
1822 1876 2005 1928 vidua
2022 1876 2224 1940 sponte
2246 1878 2385 1927 emi-

179 1951 371 2014 grarit,
400 1964 536 2013 quae
561 1965 738 2010 nunc,
765 1951 851 2001 uti
877 1949 1074 2010 audiO‚
1102 1964 1290 2001 novas
1316 1947 1548 2001 affectat
1572 1950 1828 2012 nuptias,
1855 1962 2022 1999 more
2045 1946 2385 1999 iuvencula-

180 2035 315 2071 rum
332 2021 667 2073 viduarum.
690 2021 839 2073 Iussit
859 2020 1095 2085 insuper
1114 2020 1330 2078 Caesar,
1351 2026 1749 2085 praeterquam
1770 2019 1929 2083 quod
1950 2018 2246 2071 Salarium
2265 2033 2385 2069 me-

183 2107 287 2143 um
308 2091 382 2143 ab
404 2107 475 2143 eo
495 2099 777 2157 tempore,
806 2107 926 2156 quo
952 2092 1026 2144 ab
1050 2091 1225 2157 ipfius
1246 2091 1521 2144 Caesarea
1540 2091 1690 2143 Mate
1709 2097 1954 2142 vocatus
1974 2089 2102 2141 sum
2121 2090 2385 2154 Pragam,

185 2162 407 2215 etiamfi
425 2163 614 2215 multo
634 2161 935 2215 interiedto
955 2170 1220 2228 tempore
1240 2179 1364 2215 non
1385 2163 1746 2222 advenerim,
1774 2164 2031 2226 incipere
2053 2161 2302 2221 deberet,
2324 2167 2388 2212 ut

181 2233 330 2285 mihi
343 2233 484 2286 2000
496 2233 863 2286 florenorum
876 2234 1063 2286 statim
1078 2234 1382 2299 honorarij
1400 2233 1534 2286 loco
1547 2249 1656 2298 pro
1669 2236 1912 2285 introitu
1925 2232 2220 2291 darentur,
2238 2247 2387 2296 quos

116 2323 132 2341 r
182 2311 237 2357 et
257 2308 474 2370 accepi.
496 2305 662 2357 Dixit
682 2321 921 2370 quoque
940 2308 1092 2358 inter
1112 2305 1232 2357 alia
1250 2305 1575 2370 aliquando
1596 2305 1672 2357 ad
1691 2320 1787 2356 me
1808 2299 2279 2372 BAR-nVICIUs
2302 2301 2385 2367 [fi]

181 2375 346 2437 foret,
372 2383 437 2428 ut
462 2383 599 2429 ante
626 2377 982 2429 decennium
1007 2377 1125 2429 huc
1152 2377 1228 2429 ad
1254 2376 1553 2429 Caesarem
1578 2376 1946 2435 advenissem‚
1977 2373 2155 2439 [cum]
2185 2377 2388 2426 omnia

183 2454 350 2499 erant
369 2448 618 2500 meliora
639 2454 695 2500 et
713 2450 1095 2513 promptiora,
1122 2464 1232 2500 nec
1251 2450 1334 2500 ita
1353 2447 1794 2500 difficultatibus
1814 2445 2090 2506 obnoxia,
2118 2449 2204 2497 uti
2230 2461 2388 2497 nunc

184 2518 259 2570 ob
287 2519 511 2571 bellum
538 2521 602 2571 in
631 2520 962 2585 Hungaria‚
995 2526 1135 2572 tunc
1165 2519 1463 2572 Caesarem
1494 2520 1731 2584 potuisse
1760 2518 1949 2570 multo
1978 2517 2304 2569 faciliorem
2335 2523 2390 2568 et

181 2589 579 2642 liberaliorem
598 2590 654 2642 se
675 2607 813 2656 erga
831 2607 928 2643 me
948 2590 1234 2656 praebere;
1263 2606 1517 2655 cumque
1541 2590 1655 2642 hoc
1674 2589 1853 2642 semel
1873 2595 2049 2653 atque
2069 2591 2283 2640 iterum
2303 2590 2388 2639 in-

181 2660 452 2722 sinuaret,
489 2677 596 2727 ego
632 2663 873 2727 quidem
907 2662 1194 2727 respondi,
1230 2661 1383 2714 nihil
1417 2661 1614 2714 adhuc
1647 2660 1892 2726 periculi
1929 2661 2054 2712 esse:
2093 2659 2389 2711 Caesarem

182 2731 376 2785 Turca
395 2733 516 2785 fere
535 2733 762 2798 semper
779 2733 1140 2798 superiorem
1159 2733 1334 2794 fuisse,
1356 2740 1411 2785 et
1426 2733 1626 2785 Deum
1646 2736 1709 2784 in
1727 2732 2021 2797 posterum
2034 2731 2205 2782 suum
2220 2730 2388 2782 Chri-

183 2803 541 2856 stianismum
560 2803 974 2869 protecturum.
994 2805 1218 2857 Verum
1237 2807 1408 2857 tacite
1428 2820 1665 2856 mecum
1685 2805 1950 2869 cogitavi,
1971 2804 2273 2853 neminem
2293 2816 2388 2852 me

184 2874 306 2939 ipso
335 2878 522 2940 magis
551 2875 766 2936 dolere,
798 2877 958 2941 quod
986 2892 1112 2928 non
1140 2883 1277 2928 ante
1304 2876 1659 2928 decennium
1684 2875 1870 2927 statim
1896 2874 1970 2926 ab
1997 2873 2160 2925 obitu
2185 2873 2388 2924 lauda-

184 2946 403 2998 tissimae
426 2949 732 2999 memoriae
753 2947 1145 3000 FRIDERICI
1166 2947 1335 3012 Regis
1354 2948 1550 2999 Patria
1576 2947 1920 3005 excesserim,
1947 2951 2124 3008 atque
2150 2943 2267 2995 huc
2292 2958 2388 2994 me

186 3018 555 3077 contulerim,
577 3019 737 3082 quod
758 3025 813 3070 et
830 3025 971 3071 tunc
990 3018 1252 3080 fecissem,
1277 3018 1383 3070 nifi
1401 3018 1586 3070 literae
1607 3033 1645 3069 a
1663 3024 1785 3069 toto
1806 3017 2028 3069 Senatu
2051 3055 2387 3066 ............

185 3103 404 3153 magno
425 3104 561 3140 meo
581 3089 979 3150 incommodo,
1005 3092 1391 3154 maximoque
1415 3092 1500 3141 rei
1521 3088 1832 3141 familiaris
1852 3087 2170 3151 dispend10‚
2198 3102 2293 3137 me
2318 3126 2387 3136 ...

189 3200 438 3211 .........
461 3160 532 3211 de
562 3159 655 3211 his
684 3160 832 3212 alias
862 3176 1122 3226 agemuS‚
1152 3177 1277 3213 non
1306 3161 1518 3213 iustum
1546 3160 1625 3220 fit,
1656 3166 1719 3211 ut
1749 3159 1952 3222 aliqua
1979 3157 2127 3209 mihi
2154 3156 2256 3209 fiat
2281 3172 2389 3221 pro

186 3234 362 3288 tantis
381 3230 644 3295 expensis
661 3231 1074 3295 compensatio,
1096 3231 1328 3296 Quibus
1342 3229 1656 3290 transactis,
1677 3246 1781 3295 per
1796 3230 2193 3293 Capitaneum
2208 3244 2388 3292 quen-

188 3301 327 3354 dam
348 3301 704 3363 Caesaoeum,
733 3305 859 3354 eius
881 3303 1030 3354 Mate
1055 3302 1128 3354 fic
1153 3303 1408 3363 iubente,
1436 3306 1498 3354 in
1518 3304 1702 3354 Arces
1727 3316 1910 3365 prope
1930 3300 2178 3365 Pragam
2205 3299 2388 3363 dispo-

188 3371 319 3425 sitas
339 3370 622 3425 deductus
641 3373 784 3434 sum,
806 3380 869 3425 ut
887 3389 959 3425 ex
972 3375 1044 3439 ijs
1059 3373 1335 3439 eligerem
1348 3374 1630 3438 aliquam,
1652 3387 1787 3437 quae
1801 3370 1950 3423 mihi
1965 3378 2019 3423 et
2031 3372 2180 3422 meis
2193 3370 2389 3492 Rufiffls

2025 3456 2258 3493 commo
2302 3455 2390 3491 ior
