2652 4022
301 309 603 363 TYCHO
630 309 752 362 AD
780 309 957 362 IOH.
982 309 1055 362 G.
1084 310 1659 364 HERWARTUM
1685 309 1819 377 6l16
1846 312 2039 364 NOV.
2068 312 2212 365 1599
2286 313 2378 365 197

178 460 442 518 tempore
462 453 796 518 Apogaeum
819 457 856 511 2}
881 451 913 503 3
936 452 1010 504 G.
1032 457 1111 513 Q,
1134 459 1189 505 et
1210 452 1638 506 COPERNICI
1658 461 1852 506 mente
1875 457 2175 518 quaternis
2195 454 2377 507 ferme

101 530 130 573 'e
179 526 440 577 anterius
459 523 556 585 est;
578 523 747 575 limes
767 530 965 576 autem
981 523 1207 576 Boreus
1222 527 1284 576 in
1297 525 1330 576 6
1350 529 1407 583 Q
1429 524 1502 576 G.
1526 525 1756 589 expleto
1778 525 2034 578 confistit.
2057 525 2377 590 Quomodo

177 595 323 656 haec,
342 595 414 648 de
429 595 642 660 quibus
656 597 836 647 etiam
849 594 1142 647 nonnulla
1155 597 1218 646 in
1233 595 1711 648 antecedentibus
1725 599 1871 648 meis
1886 597 2146 662 generali
2159 597 2376 650 indica-

177 669 337 719 tione
351 668 526 732 attigi‚
540 682 676 718 cum
686 665 1118 718 PTOLEMAEI
1131 666 1358 731 placitis
1373 666 1744 719 concilianda
1757 667 1878 728 fint,
1895 684 2018 720 non
2032 668 2165 721 satis
2178 668 2376 733 liquet,

107 757 129 791 ⁵
177 737 291 790 five
319 752 584 790 erroneae
610 736 827 790 fuerint
852 737 1028 802 ipfius
1055 737 1489 790 observationes
1517 738 1681 802 (nam
1708 739 1779 791 de
1805 739 2009 791 nostris
2031 739 2377 792 subtilissime

176 806 469 861 trutinatis
489 808 639 860 nihil
659 808 917 874 ambigo)
938 808 1053 861 five
1069 809 1228 873 quod
1243 824 1451 861 revera
1463 809 1595 861 talis
1610 809 2013 863 latitudinibus
2029 818 2083 863 et
2096 811 2378 864 limitibus

177 880 502 933 earundem
527 882 776 932 mutatio
803 879 1159 945 subrepserit.
1187 880 1363 933 Unde
1390 883 1569 933 etiam
1594 887 1768 945 patet,
1795 882 1984 934 nodos
2010 881 2228 934 horum
2250 883 2376 935 Pla-

176 958 448 1004 netarum
478 959 533 1004 et
560 953 843 1004 terminos
873 951 1224 1016 digressionis
1254 952 1328 1004 ab
1359 951 1638 1016 Ecliptica
1666 956 1945 1005 maximae
1974 954 2378 1019 Apogaeorum

174 1025 364 1075 motui
382 1038 508 1075 non
528 1023 951 1088 obtemperare,
972 1025 1056 1075 uti
1076 1020 1362 1075 hadienus
1383 1023 1668 1076 creditum
1689 1023 1779 1085 est,
1802 1025 2080 1088 quodque
2097 1027 2274 1077 nimis
2291 1027 2376 1077 in-

85 1112 127 1147 1ο
176 1094 531 1147 confiderate
551 1109 802 1160 magnus
823 1095 974 1146 alias
993 1094 1305 1159 superioris
1326 1097 1441 1147 aevi
1454 1094 1843 1147 Astronomus
1859 1094 2376 1156 COPERNICUS,

175 1165 606 1219 PTOLEMAEI
633 1165 1061 1227 traditionibUS,
1092 1168 1235 1219 citra
1263 1168 1565 1231 propriam
1595 1169 2035 1231 experientiam,
2065 1169 2128 1218 in
2153 1166 2262 1228 his,
2293 1171 2378 1220 uti

175 1239 353 1290 etiam
367 1237 656 1302 plerisque
670 1236 818 1302 alijs‚
840 1239 1215 1302 acquieverit,
1237 1238 1490 1302 ideoque
1505 1253 1629 1290 non
1642 1240 1878 1300 mirum,
1900 1238 2236 1291 latitudines
2251 1239 2377 1291 Pla-

174 1315 447 1361 netarum
460 1308 634 1374 longe
649 1308 816 1360 aliter
827 1309 901 1361 ab
913 1308 1035 1373 ipso
1051 1309 1207 1361 coelo
1222 1308 1502 1370 exhiberi,
1519 1325 1701 1374 quam
1715 1309 1891 1373 ipfius
1904 1309 2012 1361 fert
2024 1313 2376 1362 numeratio.

174 1380 398 1432 Verum
414 1395 538 1432 non
555 1395 705 1444 opus
720 1379 796 1432 est
809 1379 923 1432 hoc
938 1380 1010 1432 de
1025 1380 1321 1445 Eclipticae
1337 1380 1740 1445 obliquatione
1755 1381 2003 1433 dubium
2015 1387 2138 1432 tam
2151 1381 2376 1446 longin-

84 1469 126 1503 15
176 1467 290 1516 que
316 1457 512 1516 petere
536 1457 713 1516 atque
733 1454 796 1503 in
815 1451 1078 1504 libellam
1099 1451 1447 1516 expendere,
1474 1452 1759 1517 fiquidem
1778 1451 2091 1504 Artificum
2112 1451 2377 1504 observa-

174 1525 381 1583 tioneS,
415 1525 517 1587 qui
548 1522 669 1588 post
700 1522 1236 1576 PTOLEMAEUM
1268 1526 1558 1584 vixerunt,
1595 1526 1658 1575 in
1691 1523 1898 1576 eadem
1931 1524 2379 1576 determinanda

174 1593 383 1646 nostrae
418 1596 747 1646 inventioni
779 1596 923 1646 citra
954 1595 1280 1646 admodum
1310 1594 1569 1646 senfibile
1602 1594 1910 1647 discrimen
1941 1594 2376 1660 adstipulentur.

173 1664 661 1727 ALBATEGNIJ
683 1671 834 1718 certe
856 1665 1316 1718 PTOLEMAEO
1339 1672 1393 1717 et
1413 1666 1584 1719 nobis
1603 1666 1787 1718 ferme
1814 1667 2143 1732 intermedij
2166 1666 2378 1719 tradita

174 1737 450 1797 indicant,
472 1742 608 1788 ante
629 1737 735 1789 700
751 1752 943 1788 annos
957 1736 1364 1801 obliquitatem
1378 1737 1534 1789 hanc
1547 1740 1875 1790 maximam
1886 1740 1987 1789 vix
2000 1738 2065 1791 4⁷}
2077 1737 2376 1802 scrupuliS‚

79 1814 230 1868 20·1·et
250 1807 625 1860 ASRAELIS
647 1807 914 1872 Hispani,
942 1807 1047 1860 200
1072 1807 1192 1860 fere
1219 1811 1392 1860 annis
1419 1808 1555 1873 post,
1583 1808 1784 1860 saltem
1810 1809 1875 1863 2⁴}
1894 1808 2085 1860 nostra
2112 1809 2376 1861 animad-

172 1878 435 1931 verfione
455 1882 745 1931 maiorem
764 1878 938 1940 fuisse,
960 1879 1119 1944 quod
1140 1894 1263 1931 non
1280 1879 1385 1931 nifi
1401 1883 1678 1932 maximis
1692 1879 2084 1932 instrumentis
2098 1883 2375 1945 percepti-

171 1950 287 2003 bile
303 1950 395 2012 est,
413 1950 687 2015 qualibus
702 1950 786 2002 illi
800 1952 900 2002 vix
913 1950 997 2003 ufi
1011 1950 1156 2012 sunt,
1177 1957 1231 2003 et
1247 1966 1352 2015 per
1365 1951 1698 2016 parallaxin
1714 1951 1864 2003 Solis
1880 1951 1953 2003 ab
1968 1953 2039 2016 ijs
2053 1949 2377 2016 neglectam

173 2021 617 2086 quodammodo
646 2024 710 2073 in
738 2037 861 2074 uno
890 2021 985 2074 vel
1015 2021 1386 2087 sesquialtero
1417 2025 1648 2074 minuto
1682 2022 1943 2074 excusari
1974 2022 2168 2086 potest,
2202 2022 2374 2074 PRO-

172 2092 470 2145 PHATIO
492 2093 695 2145 Iudaeo
717 2092 912 2145 adhuc
931 2093 1113 2157 paulo
1133 2093 1270 2158 post,
1298 2093 1430 2159 alijs
1449 2094 1554 2145 200
1575 2096 1747 2146 annis
1768 2094 1841 2145 ab
1862 2093 2218 2146 ASRAELE
2238 2109 2374 2145 ean-

78 2181 124 2216 25
174 2164 308 2216 116111
329 2164 632 2216 nobiscum
651 2166 805 2217 intra
825 2165 1135 2217 dimidium
1152 2167 1449 2216 minutum
1464 2171 1600 2217 ante
1615 2165 1720 2217 300
1734 2172 1887 2217 retro
1903 2180 2094 2217 annos
2110 2164 2374 2217 constitu-

173 2242 323 2296 ente,
344 2235 627 2300 fiquidem
647 2238 696 2287 is
715 2235 862 2288 forte
883 2238 1096 2288 maiori
1117 2242 1172 2288 et
1193 2234 1470 2289 exactiori
1490 2236 1626 2288 usus
1646 2236 1709 2288 fit
1730 2251 1953 2301 organo
1971 2242 2026 2288 et
2042 2235 2376 2300 parallaxin

94 2312 123 2354 t·
173 2306 325 2360 Solis
350 2309 710 2371 praecaverit.
739 2307 826 2359 Ex
853 2306 1066 2371 quibus
1093 2308 1369 2360 omnibus
1392 2307 1524 2360 satis
1546 2307 1925 2372 probabiliter
1945 2307 2250 2372 colligitur,
2276 2310 2376 2359 vix

171 2378 437 2443 aliquam
455 2378 665 2430 subesse
686 2378 1008 2430 senfibilem
1026 2378 1416 2443 obliquationi
1436 2378 1576 2430 huic
1596 2381 2002 2447 mutationem.
2024 2379 2252 2430 Mirum
2272 2394 2374 2430 au-

170 2456 289 2502 tem
314 2449 501 2502 videri
529 2450 702 2514 posset
727 2449 803 2502 ab
829 2449 1356 2511 ARISTARCHO,
1387 2453 1490 2515 qui
1518 2450 1719 2502 saltem
1748 2450 1818 2502 40
1847 2452 2070 2502 circiter
2099 2453 2272 2502 annis
2301 2449 2374 2502 ab

75 2539 122 2574 30
172 2521 335 2573 obitu
360 2521 832 2573 ALEXANDRI
864 2521 1072 2586 Magni
1100 2521 1315 2583 floruit,
1346 2521 1528 2586 usque
1558 2522 1634 2574 ad
1658 2521 2194 2574 PTOLEMAEUM
2228 2520 2372 2586 [qui]

170 2592 276 2645 460
286 2592 360 2645 ab
373 2592 584 2644 eodem
600 2592 801 2653 abfuit,
819 2608 923 2657 per
938 2592 1318 2645 intermedios
1331 2592 1981 2645 ERATOSTHENEM
1995 2599 2049 2644 et
2060 2592 2372 2644 HIPPAR-

172 2663 439 2722 CHUM,
452 2663 629 2727 plane
642 2663 894 2716 eandem
904 2664 1268 2728 permanfisse
1281 2664 1576 2729 Eclipticae
1588 2664 1878 2716 summam
1891 2663 2373 2728 obliquationem,

171 2750 353 2799 quam
381 2734 467 2786 illi
495 2734 806 2787 intervallo
835 2738 1062 2787 maiore
1091 2735 1197 2787 400
1225 2739 1586 2787 unanimiter
1615 2738 1788 2787 annis
1817 2735 2199 2800 prodiderunt
2225 2735 2283 2786 P.
2305 2734 2373 2786 23

171 2806 257 2858 M.
279 2806 382 2866 51-3,
403 2822 564 2858 nunc
583 2821 726 2858 vero
747 2806 884 2859 inde
904 2807 978 2859 ab
995 2806 1513 2860 ALBATEGNIO
1535 2807 1611 2859 ad
1630 2822 1741 2859 nos
1761 2822 1865 2871 per
1884 2807 1989 2858 700
2009 2821 2200 2858 annos
2220 2808 2374 2857 intra

75 2895 122 2929 35
171 2877 203 2929 3
227 2877 377 2929 Min.
407 2877 791 2941 (tantillulum
818 2880 978 2930 enim
997 2877 1487 2941 ALBATEGNIJ
1513 2894 1550 2930 a
1576 2878 1767 2930 nostra
1794 2879 2135 2930 inventione
2161 2876 2371 2928 solum-

170 2948 350 3000 modo
377 2947 583 3009 differt,
610 2948 651 3000 fi
676 2948 1009 3014 parallaxin
1039 2948 1399 3013 adhibuisset)
1431 2949 1683 3001 eandem
1711 2964 2075 3014 permanere,
2106 2954 2372 2999 veterum

170 3019 410 3071 illorum
439 3022 734 3072 annotatis
761 3020 924 3084 quafi
951 3023 1120 3072 tertia
1149 3021 1363 3086 gradus
1389 3027 1554 3085 parte
1579 3023 1889 3079 minorem,
1921 3019 2080 3083 quod
2106 3018 2370 3083 suspicio-

170 3105 308 3142 nem
335 3096 533 3142 movet
559 3090 1095 3144 PTOLEMAEUM
1117 3099 1171 3143 et
1191 3091 1752 3152 HIPPARCHUM,
1780 3097 1953 3155 prout
1978 3098 2042 3142 tu
2069 3093 2247 3142 etiam
2266 3092 2370 3150 vis,

170 3161 644 3214 antecedentium
670 3165 982 3214 autoritate
1008 3165 1261 3214 nimium
1288 3162 1536 3215 confisos
1562 3163 1734 3222 fuisse,
1762 3163 2014 3226 ideoque
2034 3161 2242 3213 fimilia
2264 3176 2370 3224 pro

75 3250 121 3284 40
170 3232 338 3285 libitu
369 3232 660 3284 admifisse.
695 3233 873 3296 Quod
901 3249 1043 3285 vero
1075 3237 1427 3286 recentiores
1460 3241 1660 3298 utpote
1690 3232 2220 3292 PURBACHIUS,
2252 3230 2370 3283 RE-

172 3303 792 3364 GIOMONTANUS‚
804 3304 1248 3358 WERNERUS
1263 3311 1319 3357 et
1331 3305 1448 3370 ipse
1464 3320 1702 3369 quoque
1719 3303 2218 3356 COPERNICUS
2234 3318 2370 3355 ean—

170 3375 304 3427 dem
318 3375 351 3426 4
365 3377 633 3439 proxime
647 3375 930 3440 scrupulis
950 3376 1141 3428 nostra
1160 3379 1454 3428 minorem
1474 3376 1844 3434 reddiderint,
1867 3375 1941 3427 ob
1962 3373 2371 3496 refractiogielm

2259 3460 2295 3495 o
2321 3460 2369 3495 is
