2652 4022
341 290 644 344 TYCHO
674 291 794 343 AD
823 292 863 344 Ι.
892 292 951 344 F.
980 292 1637 347 HOFFMANNUM
1665 293 1839 361 16l26
1866 297 2038 348 IAN.
2068 298 2214 349 1600
2287 298 2390 350 245

189 434 335 495 disse,
357 449 480 486 non
499 434 804 499 postremae
823 434 1114 486 felicitatis
1132 435 1264 487 loco
1286 437 1516 489 ducam.
1540 438 1816 503 Cumque
1830 455 1990 492 nunc
2004 440 2254 505 Pragam
2268 442 2389 493 No-

187 505 366 557 bilem
381 512 436 558 et
450 505 757 558 Eruditum
773 505 1200 558 adolescentem
1215 506 1742 562 FRANCISCUM
1756 510 2389 572 TENGNAGLIUM.

187 575 337 628 mihi
357 576 751 638 domesticum,
774 579 876 641 qui
896 584 1031 630 ante
1052 593 1274 642 paucas
1294 577 1700 632 hebdomadas
1715 596 1788 633 ex
1803 582 1971 634 Italia
1991 582 2107 634 huc
2128 583 2391 636 reversus

188 647 279 708 est,
300 649 423 700 una
443 663 578 700 cum
598 647 723 700 filio
742 662 879 700 meo
899 655 1045 701 natu
1064 651 1291 701 maiore
1313 665 1386 701 ex
1405 666 1501 702 me
1523 651 1905 705 denominato
1921 657 2088 706 certis
2105 655 2175 706 de
2191 656 2391 707 caussis

117 737 137 770 5
187 719 521 780 amandem,
544 734 666 771 non
686 722 853 785 potui
872 722 1267 781 intermittere,
1291 724 1436 785 quin
1456 721 1625 774 hasce
1645 739 1753 788 pro
1767 723 1920 776 felici
1935 726 2124 778 reditu
2139 727 2389 779 candido

186 793 388 842 animo
419 790 589 843 Illust.
616 790 690 843 G.
712 790 776 843 T.
809 791 1282 856 congratulantes
1312 795 1435 845 una
1463 796 1769 854 mitterem,
1802 802 1976 860 atque
2007 799 2078 863 ijs
2107 797 2276 850 fimul
2304 801 2388 849 in-

185 865 505 927 iungerem,
537 869 600 914 ut
628 862 823 915 Tuam
853 863 1022 915 Illust.
1050 862 1332 916 Genetos.
1364 871 1594 929 captata
1624 870 2019 930 oportunitate
2049 868 2390 922 accedentes

186 948 320 985 eam
341 949 413 985 ex
434 949 529 985 me
551 933 948 986 officiofissime
968 934 1301 988 salutarent.
1328 935 1670 1001 Pergratum
1690 953 1831 989 vero
1856 938 1946 999 est,
1976 940 2135 1003 quod
2155 940 2390 992 Illustris

186 1004 534 1057 Dominatio
554 1004 687 1057 Tua
707 1005 1105 1058 Excellentem
1126 1006 1621 1060 Mathematicum
1643 1009 1975 1062 Dominum
1993 1011 2078 1062 M.
2096 1011 2388 1064 IOHAN-

95 1093 134 1126 ιο
186 1076 366 1128 ΝΕΜ
397 1076 828 1129 KEPLERUM
861 1079 924 1128 in
955 1077 1059 1130 suo
1089 1077 1394 1130 Comitatu
1425 1078 1542 1131 huc
1572 1081 1647 1132 ad
1677 1096 1786 1132 nos
1815 1083 1878 1132 in
1908 1082 2263 1135 Bohemiam
2291 1084 2388 1135 ad-

71 1155 157 1198 22v
185 1148 430 1209 duxerit,
459 1163 578 1213 qua
604 1150 783 1200 etiam
808 1151 871 1200 in
896 1156 1060 1213 parte
1087 1164 1211 1201 non
1238 1149 1476 1202 obscure
1505 1151 1692 1203 elucet
1718 1151 1887 1204 Illust.
1913 1153 1986 1205 G.
2008 1153 2072 1206 T.
2096 1149 2117 1222 ΙΙ
2141 1170 2276 1220 erga
2302 1147 2388 1207 su-

183 1218 388 1271 blimia
422 1219 525 1271 illa
558 1227 612 1272 et
644 1235 681 1272 a
713 1219 873 1285 vulgi
905 1228 1078 1286 captu
1113 1228 1342 1273 remota
1375 1221 1815 1276 Mathematum
1846 1223 2031 1277 studia
2064 1241 2389 1291 eorumque

184 1290 460 1343 alumnos
487 1290 789 1356 fingularis
810 1298 866 1344 et
885 1308 1197 1357 nunquam
1222 1292 1356 1345 satis
1376 1293 1652 1346 laudatus
1671 1294 1840 1347 favor
1860 1302 2036 1360 atque
2062 1296 2390 1362 benignitas

184 1362 258 1414 ab
279 1362 555 1414 omnibus
575 1362 728 1415 hisce
751 1363 1264 1417 excellentioribus
1279 1365 1545 1431 ScientiJ‘s
1560 1365 1801 1419 addictis
1819 1370 2028 1419 merito
2049 1368 2274 1433 semper
2294 1370 2388 1421 de-

93 1451 134 1484 15
183 1433 577 1498 praedicanda.
603 1434 908 1487 Intercessit
926 1435 1078 1488 mihi
1098 1452 1232 1488 cum
1254 1436 1357 1488 illo
1377 1440 1522 1498 vir0,
1543 1437 1849 1502 postquam
1870 1438 2071 1491 Dania
2092 1443 2388 1505 emigravi,

183 1505 476 1558 nonnulla
494 1521 598 1571 per
619 1506 865 1559 Litteras
886 1508 1214 1573 eademque
1234 1515 1504 1574 pergrata
1522 1509 1908 1571 familiaritaS,
1931 1526 2067 1575 quae
2090 1527 2160 1563 ex
2181 1519 2390 1564 mutua

182 1576 505 1641 praesentia,
534 1593 716 1642 quam
734 1578 898 1631 brevi
917 1579 1179 1632 futuram
1197 1580 1347 1632 mihi
1366 1580 1705 1645 persuade0,
1734 1584 1936 1647 augeri
1959 1586 2184 1647 poterit.
2213 1583 2387 1648 Quic-

183 1649 324 1713 quid
345 1664 486 1700 vero
506 1649 823 1714 voluptatis
850 1657 905 1702 et
931 1651 1228 1703 commodi
1256 1668 1328 1704 ex
1354 1651 1467 1704 hoc
1494 1652 1686 1704 nostro
1714 1655 2007 1719 congressu
2034 1670 2388 1719 promanare

182 1722 408 1785 poterit,
437 1719 643 1772 Illustri
662 1721 1077 1775 Dominationi
1097 1722 1245 1774 Tuae
1271 1726 1573 1789 praecipua
1594 1740 1666 1776 ex
1686 1732 1850 1789 parte
1871 1732 2177 1791 acceptum
2203 1726 2387 1779 feren-

88 1807 132 1840 20
182 1791 326 1843 dum
354 1799 519 1857 grata
547 1799 743 1845 mente
774 1794 1039 1858 agnosco.
1070 1794 1340 1847 Pluribus
1371 1794 1541 1847 Illust.
1571 1796 1852 1848 Generos.
1874 1795 1938 1848 T.
1969 1797 2387 1862 multiplicibus

182 1863 330 1915 alias
356 1866 690 1928 pariterque
716 1867 1054 1929 gravissimis
1077 1866 1561 1931 occupationibus
1588 1867 1891 1919 distentam
1917 1871 2202 1921 remorari
2228 1870 2385 1922 nolo.

183 1933 431 1996 Caetera,
462 1951 596 1999 quae
624 1935 720 1987 hic
748 1939 971 1998 omitto,
999 1939 1057 2002 ij,
1087 1952 1236 2001 quos
1263 1938 1486 2003 ablego,
1508 1937 1549 1989 fi
1571 1938 1739 1990 Illust.
1768 1937 1976 1991 Domni
1997 1939 2144 1992 Tuae
2167 1956 2268 1992 eos
2288 1942 2385 1993 ad-

181 2008 407 2058 mittere
430 2007 811 2059 commodum
831 2007 1019 2068 fuerit,
1041 2008 1390 2073 supplebunt
1406 2016 1582 2074 atque
1602 2026 1674 2062 ex
1690 2026 1786 2062 me
1801 2010 2074 2071 referent;
2096 2013 2309 2075 quibus
2325 2020 2388 2063 ut

180 2077 497 2142 benignam
525 2094 732 2130 aurem
758 2095 864 2144 pro
892 2079 1057 2132 solita
1083 2080 1186 2132 sua
1212 2081 1580 2133 humanitate
1600 2082 1862 2145 praebere
1884 2097 2006 2134 non
2027 2083 2384 2148 dedignetur,

86 2165 130 2197 25
182 2164 301 2213 qua
327 2150 547 2214 possum
574 2153 918 2211 reverentia,
948 2167 1053 2203 oro
1082 2158 1136 2203 et
1163 2151 1414 2204 obsecro.
1437 2152 1646 2205 Valeat
1666 2152 1798 2205 Tua
1818 2153 1986 2205 Illufl.
2012 2154 2386 2207 Generofitas

181 2236 363 2284 quam
398 2220 707 2272 felicissime
745 2229 798 2273 et
835 2223 1152 2282 diutissime‚
1190 2222 1468 2288 huncque
1504 2227 1733 2276 noviter
1767 2224 2112 2277 inchoatum
2139 2226 2386 2278 Annum

182 2291 493 2343 Iubilaeum
507 2292 906 2357 plurimosque
921 2294 1069 2346 alios
1085 2294 1454 2359 insequentes
1468 2295 1783 2347 incolumis
1799 2304 1854 2348 et
1866 2296 2084 2348 florens
2099 2297 2383 2363 tranfigat.

181 2362 493 2415 Dabantur
521 2379 591 2415 ex
614 2364 765 2416 Arce
789 2365 1129 2418 Caesariana
1149 2366 1430 2419 Benatica
1456 2367 1549 2418 die
1577 2367 1924 2433 261anuarij
1948 2368 2111 2420 Anni
2138 2368 2385 2421 labentis

182 2434 438 2498 Epochae
470 2435 818 2488 Christianae
848 2436 1220 2503 Dionyfiacae
1255 2438 1398 2497 1600,
1434 2454 1614 2502 quam
1648 2439 1879 2491 duobus
1908 2438 2156 2491 deficere
2187 2440 2383 2492 IOSE-

87 2520 130 2553 30
180 2505 390 2558 PHUS
422 2506 812 2559 SCALIGER
842 2509 1091 2573 probare
1121 2511 1338 2561 nititur.
1371 2510 1588 2561 Iterum
1619 2516 1672 2561 et
1703 2510 1911 2575 saepius
1938 2510 2002 2562 T.
2036 2511 2203 2562 Illust.
2232 2511 2382 2562 Gen.

180 2592 361 2639 quam
383 2580 602 2642 optime
623 2578 833 2639 valeat,
855 2595 1070 2643 meque
1092 2588 1146 2632 et
1166 2596 1332 2633 meos
1353 2580 1454 2632 fibi
1475 2583 1918 2633 commendatos
1940 2582 2170 2633 habeat.
2193 2577 2213 2650 ΙΙ

67 2679 147 2721 23r
1030 2675 1235 2726 Illustri
1258 2675 1647 2728 Generofitati
1668 2676 1815 2728 Tuae

1694 2747 1955 2800 addicliss.

1727 2819 1776 2869 T
1780 2828 1965 2870 YCHO
1996 2820 2238 2870 BRAHE.

2092 3434 2159 3499 [E
2182 3435 2378 3486 codice
