2638 3918
691 238 970 329 INDEX
995 276 1401 330 VIRORUM
1429 276 1933 331 DOCTORUM

279 416 632 468 POMERIUS,
672 416 992 468 Ioachimus,
1031 419 1188 460 natus
1222 417 1276 460 in

209 487 402 540 Scotia,
435 487 708 542 professor
735 487 1016 532 medicinae
1047 487 1275 532 Hauniae

214 558 343 602 1541.

279 629 653 682 PONTANUS,
676 630 902 674 Ioannes
922 630 1091 682 Isacii‚
1118 632 1275 674 natus

208 701 345 744 mari
358 712 525 756 prope
540 700 911 756 Helsingoram
927 701 1033 744 1571
1052 701 1276 756 parenti-

209 772 308 816 bus
323 772 549 824 Batavis‚
570 772 775 816 Hvenae
790 771 887 815 fuit
904 772 1195 815 1593-1595
1210 784 1274 816 ac

207 843 402 898 saepius
422 844 475 886 in
495 843 667 887 Dania
687 846 930 887 versatus
950 846 1044 895 est,
1072 843 1276 888 histori-

208 926 303 958 cus
330 915 502 970 regius
535 914 662 967 1618,
695 917 883 958 auctor
910 914 1170 959 Historiae
1198 925 1275 958 re-

207 996 324 1029 rum
342 985 674 1030 Danicarum
691 985 1105 1043 (Amsterodami
1126 986 1272 1044 1631),

207 1060 452 1102 mortuus
470 1057 525 1100 in
544 1057 763 1101 Batavia
788 1057 915 1101 1639.

278 1128 687 1180 PRAETORIUS,
740 1129 965 1173 Ioannes
1011 1129 1273 1187 (Richter),

205 1203 361 1244 natus
385 1200 512 1252 1537,
528 1200 929 1256 Wittembergae
948 1201 1134 1244 studiis
1154 1212 1275 1256 ope-

206 1284 324 1315 ram
333 1271 491 1324 dedit,
498 1271 971 1316 instrumentorum
980 1272 1128 1316 math
1134 1284 1275 1316 ema-

204 1344 434 1387 ticorum
461 1343 738 1387 confector
766 1343 863 1387 fuit
890 1343 1271 1399 Norimbergae,

205 1414 477 1470 professor
523 1415 718 1458 artium
765 1415 1273 1459 mathematicamm

206 1486 606 1542 Wittembergae
643 1486 771 1539 1571,
810 1486 1056 1531 Altdorfii
1086 1487 1272 1544 (prope

208 1557 633 1615 Norimbergam)
680 1558 809 1610 1576,
854 1561 1096 1603 mortuus
1141 1558 1269 1602 1616.

204 1630 406 1673 Auctor
433 1629 532 1673 fuit
563 1630 854 1673 multorum
886 1630 1159 1674 librorum.
1195 1629 1269 1674 Cf.

204 1703 334 1744 tom.
357 1701 379 1743 1
399 1713 448 1756 p.
470 1700 573 1744 319.

276 1772 640 1825 PRATENSIS,
654 1773 896 1826 Ioannes,
908 1773 1046 1817 filius
1057 1772 1274 1828 Philippi

206 1845 277 1888 du
295 1845 388 1887 Pre
402 1856 431 1888 e
448 1844 779 1888 Normannia
800 1844 1023 1896 oriundi,
1044 1847 1200 1888 natus
1219 1844 1273 1887 in

206 1915 377 1959 Dania
414 1915 559 1959 circa
591 1928 792 1970 annum
834 1916 962 1969 1538,
1001 1916 1273 1971 professor

205 1987 486 2030 medicinae
519 1987 748 2031 Hauniae
783 1987 911 2040 1571,
946 1990 1189 2031 mortuus
1220 1987 1272 2030 in

206 2058 486 2102 academia
506 2060 705 2103 docens
728 2059 856 2102 1576.

275 2129 596 2182 PRUGNER,
629 2131 896 2183 Nicolaus,
928 2131 1141 2174 tabulas
1170 2130 1272 2174 edi-

205 2200 295 2253 dit,
323 2213 444 2255 quae
470 2201 809 2257 Alphonsinis
834 2202 1138 2246 nitebantur
1161 2202 1272 2259 (Ba-

205 2271 350 2316 sileae
375 2272 520 2330 1553).

275 2343 656 2397 QUATTUOR,
697 2344 782 2388 SS.
815 2344 1119 2402 (cardinalis
1155 2344 1271 2388 titu-

203 2416 315 2458 lum
346 2426 532 2470 gerens
563 2415 710 2459 Santi
741 2416 985 2475 Quattro)
1020 2417 1110 2460 illo
1140 2420 1271 2460 tem-

203 2497 334 2541 pore
360 2486 457 2530 fuit
481 2487 739 2531 Antonius
764 2488 1103 2541 Facchinetti‚
1131 2488 1269 2532 filius

204 2557 381 2601 fratris
401 2570 558 2613 papae
579 2559 871 2603 Innocentii
890 2560 960 2603 IX
986 2560 1113 2617 (non
1131 2560 1268 2612 VIII,

203 2631 261 2672 ut
281 2629 354 2673 ait
368 2629 609 2684 Maginus
628 2630 682 2673 in
701 2630 856 2686 hujus
874 2631 1009 2675 tomi
1027 2644 1077 2686 p.
1092 2632 1267 2688 251‚³o).

206 2700 372 2744 Natus
392 2703 472 2744 est
495 2701 623 2753 1575,
651 2701 934 2746 cardinalis
959 2706 1171 2747 creatus
1191 2706 1271 2747 est

205 2784 237 2814 a
249 2774 442 2826 patruo
460 2771 514 2814 16
530 2783 698 2816 annos
712 2775 867 2816 natus
883 2773 1010 2826 1591,
1026 2777 1270 2818 mortuus

208 2842 335 2886 1606.

275 2914 619 2958 RAI-MARUS
639 2915 744 2957 vid.
769 2915 951 2959 Ursus.

274 2985 702 3038 RAIMUNDUS,
727 2985 832 3030 vid.
862 2986 1129 3031 Hannibal
1159 2988 1269 3032 Rai-

203 3056 448 3099 mundus.

275 3127 633 3179 RAMELIUS,
666 3127 927 3173 Henricus
952 3129 1185 3188 (Ramel),
1215 3131 1268 3174 in

202 3198 516 3242 Pomerania
565 3202 736 3251 natus,
787 3203 1090 3255 praeceptor
1133 3202 1268 3256 regis

204 3269 483 3312 Christiani
511 3269 582 3312 IV
614 3270 742 3321 1583,
774 3271 844 3314 ad
871 3271 1086 3326 politica
1115 3284 1270 3327 nego-

202 3340 275 3383 tia
303 3340 569 3384 adhibitus
596 3344 674 3384 est
695 3342 749 3384 in
771 3342 945 3386 Dania
970 3346 1022 3386 et
1047 3343 1099 3385 in
1125 3344 1268 3398 regni

2321 278 2413 330 461

1349 419 1593 460 senatum
1620 421 1872 473 acceptus
1901 420 1981 461 est
2012 417 2140 469 1596,
2172 421 2414 462 mortuus

1421 559 1668 612 RAMUS,
1705 561 1884 604 Petrus
1917 560 2107 618 (Pierre
2142 561 2207 604 de
2239 562 2291 604 la
2323 562 2415 604 Ra-

1349 629 1502 686 mee),
1524 634 1680 674 natus
1704 631 1832 683 1515,
1855 632 2078 675 Lutetiae
2096 632 2279 675 studiis
2295 643 2414 687 ope-

1348 712 1468 744 ram
1476 701 1634 754 dedit,
1644 702 2272 758 professorphilosophiae
2284 703 2390 746 1551
2400 736 2411 755 ,

1349 772 1625 827 aliquoties
1649 786 1682 817 a
1705 786 1924 818 munere
1949 778 2187 818 remotus
2215 786 2278 818 ac
2305 787 2414 818 rur-

1347 855 1438 887 sus
1451 844 1720 888 restitutus
1735 848 1828 898 est,
1845 845 2182 889 adversarius
2196 846 2292 889 fuit
2305 846 2414 888 Ari-

1348 914 1563 967 stotelis,
1593 916 1899 960 interfectus
1928 919 2007 960 est
2034 919 2191 960 nocte
2218 917 2266 960 S.
2296 917 2413 960 Bar-

1346 985 1624 1031 tholomaei
1647 987 1774 1031 1572.

1418 1058 1821 1111 RANZOVIUS,
1854 1059 2115 1103 Henricus
2139 1059 2413 1117 (Heinrich

1347 1129 1617 1187 Rantzau),
1638 1134 1794 1174 natus
1819 1130 1947 1183 1526,
1967 1131 2198 1174 vicarius
2212 1131 2346 1186 regis
2359 1131 2413 1173 in

1347 1200 1580 1257 Slesviga
1598 1204 1650 1245 et
1668 1202 1926 1254 Holsatia,
1949 1202 2029 1245 vir
2049 1202 2290 1246 doctrina
2310 1203 2413 1246 cla-

1346 1284 1452 1325 rus,
1473 1273 1678 1317 amicus
1691 1274 1972 1327 Tychonis‚
1989 1285 2148 1328 quem
2161 1274 2215 1317 in
2230 1285 2411 1317 arcem

1345 1355 1501 1387 suam
1531 1345 1995 1400 Wandesburgum
2026 1346 2240 1400 recepit,
2275 1357 2413 1388 mor-

1344 1417 1466 1459 tuus
1487 1416 1536 1460 d.
1564 1416 1602 1459 1.
1625 1429 1695 1459 m.
1714 1416 1830 1468 Jan.
1853 1429 1900 1459 a.
1927 1416 2054 1460 1599.

1417 1486 1817 1540 RANZOVIUS,
1829 1488 2096 1532 Gerardus
2107 1488 2254 1543 (Gert
2264 1488 2413 1531 Rant-

1344 1558 1482 1615 zau),
1509 1559 1647 1603 filius
1676 1559 1906 1612 Henrici,
1934 1563 2090 1603 natus
2120 1559 2248 1611 1558,
2275 1560 2412 1614 patri

1345 1629 1398 1672 in
1423 1642 1644 1674 munere
1663 1631 1848 1675 vicarii
1873 1631 2142 1683 successit,
2170 1634 2412 1675 mortuus

1350 1700 1477 1745 1627.

1418 1773 1875 1827 REINHOLDUS,
1933 1775 2198 1827 Erasmus,
2256 1777 2412 1818 natus

1346 1844 1609 1888 Salfeldiae
1623 1845 1903 1901 Thuringae
1921 1846 2049 1897 1511,
2071 1849 2313 1890 mortuus
2327 1857 2412 1900 pe-

1346 1916 1572 1959 stilentia
1610 1916 1807 1960 ibidem
1849 1917 1976 1960 1553.
2011 1917 2410 1972 Wittembergae

1345 1988 1529 2031 studiis
1550 1999 1771 2043 operam
1792 1989 1935 2032 dedit
1955 2000 2019 2032 ac
2042 1989 2315 2043 professor
2334 2001 2412 2031 ar-

1344 2058 1478 2102 tium
1524 2060 2030 2104 mathematicarum
2077 2059 2410 2115 superiorum

1345 2130 1518 2174 factus
1532 2134 1612 2174 est
1629 2131 1756 2174 1536.
1773 2132 1974 2175 Auctor
1986 2131 2084 2174 fuit
2094 2131 2411 2174 Prutem'ca-

1342 2212 1461 2244 rum
1496 2201 1798 2245 tabularum
1830 2202 2136 2246 coelestIum
2164 2203 2407 2245 motuum

1342 2272 1611 2329 (Tubingae
1635 2274 1780 2331 1551).

1416 2345 1792 2399 RHAETICUS,
1815 2346 2069 2401 Georgius
2086 2346 2408 2398 Ioachimus‚

1342 2419 1498 2460 natus
1523 2417 1578 2460 in
1603 2417 1805 2461 Rhaetia
1831 2418 2102 2473 superiore
2135 2417 2262 2470 1514,
2285 2418 2411 2460 Wit-

1341 2489 1632 2544 tembergae
1653 2489 1836 2533 studiis
1860 2501 2081 2544 operam
2109 2489 2266 2542 dedit,
2294 2501 2411 2544 pro-

1344 2559 1515 2604 fessor
1538 2561 1732 2604 artium
1754 2561 2261 2604 mathematicamm
2285 2561 2410 2604 infe-

1343 2631 1544 2675 riorum
1570 2632 1696 2684 1536,
1719 2632 2039 2687 Fruenburgi
2060 2633 2201 2687 apud
2222 2633 2410 2687 Coper-

1342 2703 1522 2746 nicum
1551 2707 1794 2747 versatus
1824 2707 1903 2747 est
1935 2703 2240 2756 1539—1541,
2271 2703 2409 2747 Nar-

1342 2773 1606 2818 rationem
1630 2774 1866 2829 primam
1896 2775 1962 2818 de
1987 2786 2129 2818 novo
2153 2778 2409 2829 systema-

1341 2849 1394 2889 te
1420 2846 1580 2890 edidit
1610 2846 1738 2898 1542,
1765 2846 2037 2901 professor
2058 2846 2250 2901 Lipsiae
2278 2846 2405 2897 1542,

1342 2921 1585 2961 mortuus
1598 2917 1652 2960 in
1667 2917 1900 2973 Ungaria
1918 2917 2045 2961 1576.
2055 2917 2282 2961 Tabulas
2296 2919 2407 2974 eJus

1342 3001 1564 3044 magnas
1584 2988 1805 3043 perfecit
1824 2989 2131 3032 Valentinus
2153 2988 2310 3032 Otho.

1413 3059 1780 3112 RHEDERUS,
1803 3060 2061 3104 Melchior
2079 3059 2147 3118 (v.
2165 3060 2404 3118 Rodern)‚

1342 3132 1592 3186 magister
1614 3131 1840 3173 militum
1860 3131 2216 3186 Imperatoris,
2244 3132 2297 3175 in
2323 3133 2407 3175 de-

1340 3203 1579 3246 fensione
1597 3201 1776 3256 oppidi
1791 3201 2040 3256 Ungarici
2054 3203 2407 3258 Nagy-Varad

1340 3273 1783 3329 (Grosswardein)
1803 3273 2001 3327 optime
2023 3285 2080 3316 se
2099 3274 2256 3329 gessit
2276 3274 2403 3326 1598,

1342 3357 1446 3398 qua
1468 3345 1533 3387 de
1551 3356 1715 3388 causa
1731 3356 1762 3387 a
1778 3344 2028 3388 Braschio
2043 3348 2202 3399 poeta
2217 3357 2405 3401 cogno-
