2652 4022
109 583 194 625 33ν

131 1091 170 1123 10

130 1447 169 1481 15

124 1803 169 1836 20

123 2255 168 2289 25

123 2611 168 2646 30

223 289 296 341 D.
326 288 640 342 FELSUS
667 289 788 340 AD
816 289 1322 342 TYCHONEM
1351 289 1423 342 27
1452 290 1642 343 DEC.
1666 288 1880 357 1599)ss
1908 291 2079 343 IAN.
2103 292 2247 344 1600
2322 293 2424 344 233

223 431 367 484 Caes.
406 431 725 484 Maiestatis
762 447 798 483 a
834 432 1099 483 Domino
1139 432 1512 485 BARVITIO
1550 435 1625 485 ad
1660 434 1991 487 Dominum
2028 434 2425 500 Capitaneum

222 502 701 555 Brandeisensem
720 505 841 554 iam
861 502 1133 567 scriptum
1156 502 1246 562 est,
1269 518 1377 554 nec
1398 519 1522 555 non
1536 505 1607 556 de
1622 505 1867 567 Praedio‚
1889 512 1952 557 ut
1972 506 2215 570 aliquod
2236 507 2424 572 eligat,

223 581 277 626 et
290 589 394 639 per
407 576 662 639 primam
677 573 1058 634 occasionem,
1081 575 1222 638 quid
1237 574 1335 626 ille
1350 569 1371 642 ΙΙ
1385 574 1606 636 sentiat,
1629 575 1959 629 Dominum
1974 578 2424 631 BARVITIUM

222 647 527 697 certiorem
559 644 750 704 faciat,
785 660 933 709 quas
965 645 1162 697 literas
1194 660 1429 697 mecum
1462 646 1637 699 dante
1671 647 1803 699 Deo
1836 647 2099 701 afferam.
2140 649 2426 702 Pecunias

221 723 398 768 antea
419 717 716 781 promissas
739 715 860 780 post
881 716 1224 768 diuturnam
1243 731 1477 769 moram
1498 720 1676 769 etiam
1696 734 1855 770 nunc
1877 719 2120 772 obtinui.
2150 720 2424 786 Magnifi-

221 802 323 839 cus
356 787 656 840 Dominus
689 787 1264 840 CORRADUCIUS
1292 795 1347 840 te
1379 787 1633 840 officiose
1665 796 1719 841 et
1747 799 2122 853 peramanter
2154 791 2425 844 resalutat

220 861 543 923 omniaque
563 858 756 911 felicia
776 866 1068 924 precatur:
1091 857 1242 911 dicta
1261 858 1443 911 salute
1466 867 1519 911 et
1540 861 2044 925 congratulatione
2066 864 2141 914 ad
2161 879 2257 915 me
2275 863 2424 916 dice-

219 931 339 982 bat:
367 930 509 982 »Pro
531 930 1037 995 congratulatione
1057 931 1170 982 hac
1191 946 1374 994 quam
1393 930 1542 982 mihi
1562 935 1828 991 nuncias‚
1852 939 1907 985 et
1923 933 2104 985 salute
2123 950 2304 998 quam
2322 951 2424 986 no-

219 1003 379 1052 mine
407 1000 654 1053 Domini
675 1001 1087 1054 TYCHONIS
1115 1002 1387 1053 BRAHE
1416 1003 1574 1063 dicis,
1601 1006 1816 1068 gratias
1842 1005 1946 1056 tibi
1972 1021 2082 1070 ago
2108 1008 2423 1064 maximas:

219 1073 454 1124 vicissim
475 1088 629 1133 eum,
659 1076 752 1124 cui
772 1089 908 1124 mea
928 1072 1113 1124 studia
1134 1072 1337 1134 offer0,
1365 1077 1659 1138 peramice
1682 1074 1973 1127 salutabis,
2005 1077 2126 1141 Ego
2153 1077 2322 1129 illum
2342 1081 2423 1129 vi-

220 1159 353 1195 rum
372 1150 536 1196 tanto
556 1160 761 1196 amore
781 1144 1118 1209 prosequor,
1140 1147 1339 1208 itaque
1361 1145 1463 1209 ipsi
1483 1145 1672 1206 fave0,
1694 1146 1826 1198 licet
1841 1147 1912 1198 de
1927 1146 2074 1199 facie
2095 1148 2243 1200 mihi
2263 1151 2424 1214 igno-

219 1223 312 1267 tus
338 1214 416 1275 fit,
444 1222 507 1267 ut
533 1215 618 1267 nil
645 1215 832 1281 supra,
861 1231 984 1268 non
1009 1216 1189 1267 modo
1218 1216 1292 1268 ob
1320 1216 1602 1281 insignem
1629 1233 1697 1269 ac
1723 1218 2071 1281 praeclaram
2093 1235 2274 1284 quam
2294 1235 2424 1284 pro-

219 1285 412 1339 fitetur
444 1292 629 1338 artem
663 1287 1149 1346 Astronomicam,
1186 1286 1281 1339 sed
1315 1294 1369 1339 et
1402 1289 1476 1340 ob
1512 1292 1741 1354 generis
1773 1289 2159 1354 splendorem,
2199 1292 2319 1343 dan
2356 1306 2430 1344 er

220 1356 399 1410 eines
422 1356 774 1424 tapfferenn
795 1357 1202 1425 Geschlechts
1218 1359 1346 1411 und
1359 1360 1843 1422 HerkommenS,
1867 1362 2029 1413 auch
2048 1363 2430 1416 vornehmer

220 1429 390 1491 Man,
414 1425 615 1495 deffen
631 1429 973 1497 gleichenn
994 1429 1091 1482 izo
1108 1433 1170 1482 in
1187 1437 1309 1482 toto
1329 1438 1621 1483 terrarum
1637 1431 1794 1484 Orbe
1816 1431 1910 1484 nit
1927 1449 2003 1484 zu
2024 1431 2294 1495 findenn,
2318 1437 2424 1486 uti-

219 1516 362 1552 nam
388 1509 451 1552 ut
478 1516 659 1565 quam
684 1503 944 1566 primum
971 1504 1141 1567 copia
1167 1501 1314 1554 mihi
1340 1518 1477 1554 eum
1498 1503 1736 1555 videndi
1758 1511 1969 1555 etcum
1995 1504 2117 1568 ipso
2143 1505 2426 1569 loquendi

219 1571 274 1623 se
296 1571 525 1632 offerat;
547 1571 643 1625 sed
662 1573 721 1624 id
741 1573 903 1625 brevi
924 1573 1048 1624 fore
1070 1580 1261 1638 put0.«
1294 1573 1592 1626 Dominus
1614 1573 2000 1628 TYPOTIUS
2022 1584 2158 1628 ante
2178 1577 2425 1629 biduum

219 1643 335 1694 huc
356 1643 610 1695 Pilsnam
631 1643 820 1709 Lipfia
841 1645 1082 1709 appulit,
1105 1647 1206 1709 qui
1228 1647 1403 1697 etiam
1425 1652 1480 1698 te
1501 1645 1661 1698 salva
1680 1649 1934 1711 impertit
1954 1647 2152 1699 salute.
2181 1648 2424 1712 Iamque

219 1714 520 1766 diutissime
541 1731 609 1767 ac
629 1714 937 1767 felicissime
954 1731 1089 1767 cum
1102 1722 1225 1767 tota
1239 1716 1440 1769 Domo
1455 1717 1587 1768 vale
1602 1720 1854 1782 viveque
1869 1733 2061 1770 annos
2075 1719 2424 1771 Platonicos,

219 1785 533 1843 Dabantur
559 1786 790 1839 calamo
818 1787 991 1838 celeri
1018 1786 1225 1839 Pilsnae
1254 1787 1376 1852 ipso
1406 1789 1498 1840 die
1528 1804 1646 1852 quo
1676 1789 1823 1840 mihi
1854 1796 1971 1840 tuae
2003 1805 2136 1841 curn
2167 1790 2424 1842 modella

219 1855 347 1908 sunt
369 1857 626 1917 redditae,
649 1859 830 1909 Anno
852 1859 1067 1909 assertae
1088 1858 1285 1910 salutis
1306 1859 1449 1910 1600.

1487 1955 1574 2005 Tee
1598 1955 1706 2006 Mae
1731 1954 1995 2008 addictiss.

1804 2027 2070 2080 DANIEL
2098 2028 2280 2112 FE178,

1814 2114 2000 2151 manu
2020 2115 2273 2163 proprla.

292 2238 469 2302 Quod
489 2254 640 2290 meae
661 2238 1055 2303 superioribus
1077 2240 1282 2292 diebus
1301 2241 1523 2293 tardius
1546 2257 1727 2306 quam
1749 2242 2037 2295 debebant
2057 2243 2158 2295 tibi
2175 2243 2280 2295 fint
2298 2244 2422 2296 red-

219 2310 371 2368 ditae,
394 2309 568 2374 culpa
581 2310 729 2361 mihi
743 2326 867 2363 non
882 2310 957 2362 est
971 2311 1183 2372 danda,
1202 2311 1298 2363 sed
1312 2312 1371 2364 id
1384 2311 1479 2364 vel
1492 2312 1690 2373 Pollae,
1711 2329 1815 2377 per
1830 2329 2011 2378 quam
2026 2314 2422 2379 rescripseram

218 2378 496 2442 actutum,
517 2381 611 2433 vel
632 2381 897 2433 Domino
919 2380 1162 2435 DoCtori
1183 2382 1569 2444 HELLERO,
1595 2384 1669 2436 ad
1692 2400 1870 2449 quem
1890 2401 2054 2437 meas
2075 2386 2421 2446 direxeram,

218 2453 649 2516 imputandum.
666 2452 824 2505 Cum
838 2456 1119 2506 viaticum
1132 2453 1280 2506 mihi
1295 2454 1449 2515 defit,
1467 2471 1575 2507 nec
1590 2455 1686 2507 hic
1702 2464 1910 2508 mutuo
1926 2460 2188 2522 accipere
2203 2458 2422 2522 possum

218 2539 513 2584 nummos,
528 2523 715 2589 scripsi
727 2524 801 2576 D.
815 2525 1200 2585 HELLERO,
1217 2534 1279 2578 ut
1290 2542 1393 2591 per
1404 2526 1630 2579 Postam
1642 2527 1675 2579 8
1687 2527 2075 2580 Ioachimicos
2086 2529 2250 2588 mihi,
2265 2528 2423 2581 bona

218 2594 333 2648 fide
355 2602 409 2647 et
428 2598 614 2660 gratia
634 2611 670 2648 a
689 2604 744 2648 te
765 2596 1162 2655 restituendos,
1184 2597 1567 2650 transmittere
1588 2598 1742 2650 velit.
1765 2599 1982 2651 Iterum
2000 2600 2132 2651 vale
2153 2616 2422 2664 meaeque

217 2665 567 2719 festinationi
588 2668 832 2732 ignosce,
853 2683 1068 2732 meque
1090 2669 1450 2721 incolumem
1464 2677 1528 2721 tu
1542 2670 1856 2722 incolumis
1873 2669 2127 2736 expecta.
2151 2672 2420 2737 Progym-

218 2737 482 2790 nasmata
510 2745 613 2790 tua
642 2738 868 2791 Astron.
901 2755 937 2792 a
967 2739 1112 2792 Caes.
1142 2739 1366 2792 Maiest.
1398 2741 1667 2793 nondum
1698 2745 1905 2806 recepi,
1938 2742 2196 2805 quotidie
2227 2742 2420 2794 adhuc

218 2807 393 2872 ipsius
414 2808 559 2860 Caes.
583 2809 858 2863 Maiestas
881 2826 951 2862 ea
971 2810 1288 2875 perlustrat.

360 3438 406 3472 30
2132 3430 2199 3495 [E
2221 3432 2416 3482 codice
