2652 4022
280 263 374 315 312
814 260 1252 313 EPISTOLAE
1279 261 1949 314 ASTRONOMICAE

280 406 674 456 intermittam.
691 401 899 454 Valeat
915 402 1141 454 Excell³
1154 402 1286 454 Tua
1306 419 1488 467 quam
1509 406 1743 468 optime.
1767 404 2080 455 Dabantur
2095 419 2167 455 ex
2181 404 2334 455 Arce
2351 405 2479 456 Cae-

280 475 442 527 sarea
463 475 743 525 Benatica
765 473 878 524 Die
900 474 933 523 4
954 474 1102 538 Maij
1127 475 1289 525 Anni
1311 475 1454 526 1600.

1368 568 1745 621 Excellentiae
1765 569 1913 621 Tuae

1635 640 2056 692 studiofissimus

1825 711 2065 762 TYCHO
2093 711 2338 770 BRAHE‚
2531 729 2553 762 5

1747 798 1933 833 manu
1953 784 2192 846 propria
2212 781 2416 846 scripfi.

283 887 330 928 [E
353 885 496 921 codice
519 883 769 921 Monacensi
791 884 894 919 Bibl.
917 884 1040 920 Univ.
1061 886 1131 920 693
1153 885 1196 919 in
1217 884 1282 929 20]

444 972 955 1045 IOANNES
998 972 1577 1046 GEORGIUS
1621 973 2323 1045 HERWARTUS
2365 980 2369 984 ’
2443 1043 2445 1045 ,

736 1077 841 1127 AB
869 1076 1535 1210 HoHENBgRRigg
1562 1076 2027 1128 TYCHONEM
2060 1106 2062 1108 -
2537 1176 2579 1210 m

327 1293 330 1301 ,
412 1307 413 1314 ¹
501 1247 596 1334 ⁴2⁹⁴*-
761 1253 1035 1306 ITERAS
1055 1260 1187 1306 tuas
1211 1270 1283 1305 ex
1306 1269 1439 1305 arce
1461 1254 1742 1306 Benatica
1762 1254 1795 1306 8
1815 1254 1909 1305 die
1930 1254 2151 1319 Aprilis
2171 1254 2246 1306 ad
2267 1232 2363 1306 me
2384 1255 2481 1306 da·
2502 1262 2610 1306 145τ

759 1467 1111 1532 perlibenter
1131 1466 1409 1527 intellexi,
1437 1466 1632 1518 nullas
1654 1482 1876 1527 earum,
1899 1482 2047 1530 quas
2067 1467 2143 1518 ad
2162 1482 2259 1518 me
2279 1466 2484 1526 misisti,

544 1593 564 1613 χ
645 1557 670 1578 ·„
707 1543 720 1593 ἒξ.
758 1540 817 1590 id
838 1539 997 1603 quod
1018 1541 1190 1590 unice
1205 1538 1466 1598 verebar,
1487 1538 1582 1588 vel
1602 1538 1866 1602 interiJ‘sse
1881 1537 1976 1589 vel
1995 1540 2344 1603 interceptas
2364 1539 2484 1591 esse.
2539 1554 2580 1588 15

315 1642 317 1644 ·
363 1642 366 1644 Δ
656 1639 659 1644 ⁷
707 1609 713 1619 ‘
759 1610 885 1661 Nec
913 1610 987 1661 est
1014 1609 1173 1673 quod
1199 1624 1431 1660 moram
1457 1611 1519 1659 in
1546 1608 1952 1672 respondendo
1982 1608 2105 1660 ulla
2133 1612 2362 1661 ratione
2389 1625 2484 1662 ex-

281 1679 463 1739 cuses:
494 1679 723 1731 facilius
754 1683 914 1731 enim
942 1680 1199 1744 plurima
1226 1686 1280 1730 et
1306 1679 1765 1731 innumerabilia
1792 1695 2030 1744 quoque
2056 1686 2485 1744 proponuntur,

282 1766 463 1815 quam
495 1750 589 1802 vel
621 1751 696 1802 ad
728 1754 973 1802 unicum
1006 1751 1438 1815 respondeatur.
1480 1750 1637 1802 Mihi
1668 1753 1863 1814 potius
1895 1751 2046 1803 adeo
2078 1751 2354 1816 frequens
2385 1751 2487 1803 ista

281 1824 575 1873 reiteratio
601 1821 905 1874 literarum
925 1825 1067 1874 vitio
1087 1821 1369 1873 vertenda
1395 1821 1559 1882 foret,
1587 1821 1870 1885 liquidem
1897 1822 2015 1874 alia
2035 1825 2262 1875 ratione
2288 1822 2484 1883 libros,

282 1908 431 1957 quos
462 1893 661 1944 videre
696 1896 964 1957 petieras,
1000 1892 1266 1958 pluresve
1303 1908 1511 1944 eorum
1546 1892 1715 1944 fimul
1750 1895 1872 1944 una
1909 1893 1983 1944 ad
2015 1900 2069 1945 te
2102 1893 2484 1945 transmittere
2534 1909 2581 1943 20

280 1964 597 2029 potuissem.

351 2035 625 2099 Inprimis
639 2051 781 2086 vero
801 2035 986 2097 laetor,
1007 2035 1274 2099 mihique
1295 2035 1686 2100 congratulor,
1707 2051 1803 2087 me
1818 2042 2003 2087 totam
2019 2035 2183 2087 illam
2201 2035 2484 2101 hypothe-

280 2106 363 2158 fin
384 2106 588 2166 Lunae,
615 2106 994 2171 posteaquam
1023 2123 1094 2159 ca
1120 2106 1195 2158 ad
1222 2109 1599 2170 apparentias
1624 2106 1880 2158 coelestes
1902 2109 2157 2171 penitius
2178 2122 2214 2158 a
2233 2113 2289 2158 te
2308 2106 2485 2159 trans-

280 2177 533 2230 formata
559 2177 748 2237 fuerit,
776 2194 813 2230 a
838 2179 1194 2243 benignitate
1219 2184 1273 2228 et
1296 2177 1709 2229 benevolentia
1732 2184 1836 2229 tua
1854 2177 2084 2242 sperare
2106 2185 2161 2229 et
2181 2176 2486 2242 expectare

281 2249 508 2300 debere.
537 2249 733 2312 Atque
755 2249 905 2301 adeo
926 2252 1151 2301 interea
1170 2251 1450 2312 temporis
1470 2248 1758 2313 sigillatim
1778 2249 1980 2313 aliqua
1999 2255 2054 2300 te
2075 2249 2485 2314 rescripturum
2535 2264 2581 2298 25

282 2318 634 2379 constituisse,
652 2335 723 2371 ex
739 2321 951 2384 quibus
965 2321 1247 2372 sententia
1261 2326 1364 2371 tua
1378 2319 1450 2370 de
1465 2320 1653 2372 Lunae
1667 2319 1972 2385 hypothesi
1985 2323 2172 2386 magis
2187 2319 2484 2372 elucescat.

281 2391 646 2442 Verissimum
675 2394 834 2442 enim
861 2393 964 2443 esse
992 2407 1141 2450 reor,
1168 2406 1264 2441 me
1291 2390 1585 2454 praecifius
1611 2391 1756 2443 iusto
1783 2390 2078 2442 calculum
2104 2391 2175 2443 de
2202 2391 2374 2443 Luna
2399 2393 2485 2442 in-

281 2462 518 2513 stituisse.
548 2460 849 2513 Caeterum
870 2463 928 2514 id
950 2478 986 2514 a
1005 2478 1101 2513 me
1122 2468 1432 2526 propterea
1453 2461 1648 2513 dedita
1668 2463 1851 2525 opera
1871 2468 1925 2513 et
1945 2461 2174 2514 summo
2194 2461 2379 2513 studio
2404 2464 2486 2514 ita

282 2530 499 2585 fadtum
520 2532 611 2592 est,
633 2539 697 2584 ut
716 2533 931 2597 absque
950 2533 1158 2585 calculi
1174 2547 1369 2583 errore
1384 2539 1644 2584 mentem
1658 2539 1822 2584 tuam
1838 2532 2093 2584 decursu
2108 2533 2295 2584 Lunae
2309 2532 2485 2597 plane

281 2603 507 2656 lubrico
522 2609 577 2655 et
590 2606 757 2655 vario
773 2605 986 2668 assequi
1004 2605 1233 2668 possem,
1255 2603 1478 2654 tametsi
1491 2619 1698 2655 verear
1717 2619 1813 2655 me
1833 2603 2224 2655 nihilominus
2243 2603 2484 2656 subinde
2534 2619 2581 2654 30

283 2675 500 2726 errasse.
523 2674 725 2726 Facies
739 2677 937 2739 itaque
952 2675 1100 2727 mihi
1115 2690 1240 2726 rem
1254 2675 1638 2739 gratissimam,
1660 2674 1716 2734 fi,
1738 2674 1875 2726 dato
1891 2681 1945 2726 et
1960 2675 2216 2727 concesso
2230 2674 2332 2726 tibi
2347 2677 2484 2734 oti0,

282 2749 441 2798 viam
471 2744 619 2797 mihi
649 2746 1150 2806 demonstraveriS,
1182 2761 1301 2810 qua
1330 2747 1595 2797 intimius
1623 2745 1968 2797 sententiam
1997 2746 2109 2797 hac
2138 2749 2201 2797 in
2229 2761 2292 2797 re
2321 2752 2486 2798 tuam

283 2818 496 2881 assequi
516 2816 766 2869 valeam.
797 2818 1052 2870 Abunde
1081 2820 1240 2868 enim
1266 2815 1413 2867 mihi
1439 2833 1598 2868 nunc
1624 2819 1904 2881 temporis
1930 2815 2275 2869 satisfadtum
2296 2819 2419 2877 erit,
2445 2815 2486 2868 fi

284 2904 371 2948 ea,
396 2903 531 2952 quae
551 2894 615 2939 tu
636 2903 709 2939 ex
729 2890 1158 2941 accuratissimis
1180 2887 1680 2940 observationibus
1700 2890 1814 2939 tuis
1835 2885 2120 2939 haetenus
2141 2886 2484 2947 constituisti,

284 2958 511 3011 calculo
530 2962 737 3011 venari
756 2959 856 3011 seu
875 2962 1092 3012 imitari
1113 2974 1345 3024 queam.
2534 2974 2580 3008 3⁵

354 3030 560 3082 Libros
579 3029 728 3091 illos,
751 3046 901 3095 quos
920 3047 992 3082 ex
1011 3029 1375 3082 Bibliotheca
1393 3028 1557 3082 Sermi
1577 3031 1859 3095 Principis
1879 3033 1997 3081 mei
2017 3030 2093 3082 ad
2112 3036 2167 3082 te
2187 3028 2485 3089 transmisi,

285 3100 520 3160 curabo,
542 3107 606 3152 ut
626 3101 745 3153 Ser.
763 3102 1111 3154 Clementiae
1132 3101 1250 3152 suae
1272 3101 1487 3165 AgenS,
1509 3118 1645 3153 cum
1666 3105 1796 3152 isin
1816 3101 2019 3153 aulam
2039 3101 2486 3165 Imperatoriam

284 3172 532 3230 redierit,
566 3171 667 3224 sub
701 3173 891 3224 indice
925 3180 979 3225 et
1012 3172 1405 3236 designatione
1439 3188 1647 3224 eorum
1679 3175 1920 3236 recipiat
1953 3179 2007 3223 et
2039 3171 2186 3224 mihi
2216 3174 2484 3223 remittat.

285 3242 686 3306 Manuscripta
713 3243 830 3303 illa,
859 3259 994 3308 quae
1017 3243 1466 3295 CYPRIANUS
1488 3243 1905 3296 LEOVITIUS
1929 3241 2215 3296 ἀνέκδοτα
2235 3242 2484 3306 reliquit,

284 3328 387 3377 per
416 3314 793 3366 intermedias
823 3315 1100 3379 personas
1128 3316 1411 3378 petieram
1443 3321 1496 3365 et
1527 3315 1765 3378 quidem
1794 3314 2179 3365 instantissime
2208 3311 2483 3378 efflagita·
2534 3328 2580 3363 40

2264 3398 2483 3443 veram,
