2652 4022
98 1117 139 1151 10

99 1473 140 1507 15

95 1830 141 1864 20

96 2187 142 2221 25

80 2820 161 2864 87r

98 2900 144 2935 35

99 3256 146 3291 40

285 315 697 369 MAGINUS
722 314 845 367 AD
871 314 1378 367 TYCHONEM
1407 315 1480 367 23
1508 313 1751 381 FEB.l4
1779 315 2042 368 MART.
2070 315 2216 368 1600
2288 315 2392 368 253

188 461 291 524 qui
310 458 604 524 zelotypia
622 460 707 509 tui
728 456 973 509 honoris
993 457 1238 509 laborat.
1266 457 1361 509 Ab
1388 460 1556 509 initio
1576 460 1968 510 variationem
1990 458 2146 510 orbis
2166 474 2291 510 non
2310 458 2393 510 so-

188 532 316 582 lum
344 529 737 582 subducebam
764 544 801 580 a
825 528 1023 581 medio
1052 535 1220 580 motu
1248 531 1288 591 ((
1318 544 1355 580 a
1381 529 1533 589 Sole,
1563 529 1659 587 vel
1688 530 1880 581 eidem
1909 529 2202 582 addebam
2229 532 2394 582 iuxta

186 601 468 660 tabulam,
498 600 594 652 sed
624 602 802 652 etiam
828 615 865 652 a
891 600 1088 651 medio
1117 607 1467 665 argumento
1491 600 1588 652 vel
1616 601 1941 653 anomalia:
1972 601 2068 653 sed
2097 601 2293 666 postea
2322 617 2394 652 ex

188 672 416 725 calculo
448 671 880 736 triangulorum
912 673 1163 736 cognovi
1194 677 1249 723 te
1282 674 1684 735 aequationem
1716 672 2036 724 anomaliae
2071 688 2143 724 ex
2176 672 2395 737 duplici

187 743 290 796 illa
314 745 659 802 variatione,
687 757 870 807 quam
896 749 1312 807 argumentum
1337 742 1602 794 medium
1627 742 1789 803 subit,
1819 743 2207 808 composuisse,
2236 744 2395 808 quod

187 814 336 866 mihi
363 813 536 866 valde
565 813 800 879 placuit.
832 813 1161 878 Suppofitio
1190 813 1321 865 haec
1349 821 1453 866 tua
1481 814 1734 865 Lunaris
1762 817 1982 866 mirum
2011 818 2200 880 arguit
2225 821 2395 867 tuum

187 888 491 951 ingenium
519 892 573 937 et
598 885 1014 950 praestantiam:
1044 884 1140 936 sed
1166 887 1427 937 maxime
1452 886 1912 949 praecavendum
1939 886 2029 946 est,
2060 902 2135 938 ne
2162 889 2396 939 numeri

189 973 261 1010 ex
286 957 409 1022 ipsa
428 957 761 1009 derivantes
782 957 855 1009 ab
877 956 1380 1008 observationibus
1399 958 1542 1008 vitio
1563 963 1803 1008 tuorum
1822 957 2271 1022 supputatorum
2291 958 2394 1010 dis-

189 1035 440 1093 crepent.
468 1028 611 1080 Non
636 1043 733 1080 me
759 1027 898 1080 latet
923 1043 1210 1093 magnum
1235 1043 1304 1080 ac
1329 1027 1743 1092 permolestum
1771 1029 1874 1079 esse
1900 1028 2166 1081 laborem
2185 1032 2247 1081 in
2268 1029 2394 1093 sup-

187 1099 466 1165 putandis
486 1099 639 1151 hisce
660 1102 1069 1164 aequationum
1089 1099 1320 1151 tabulis,
1343 1100 1465 1164 Ego
1479 1106 1696 1160 tamen,
1719 1115 1855 1151 cum
1870 1101 2221 1165 compendia
2237 1116 2394 1165 quae-

188 1172 327 1224 dam
358 1174 511 1223 mira
542 1173 605 1222 in
637 1170 1177 1235 computationibus
1209 1170 1641 1236 triangulorum
1671 1171 1984 1235 possideam
2014 1187 2051 1223 a
2079 1187 2175 1223 me
2207 1188 2397 1236 nuper

189 1245 530 1308 excogitata,
558 1245 833 1307 exiguam
858 1242 1236 1307 persentirem
1261 1242 1588 1294 molestiam
1612 1245 1676 1293 in
1701 1241 1794 1294 his
1813 1242 2027 1295 tabulis
2049 1243 2119 1295 de
2140 1259 2300 1295 novo
2321 1243 2397 1295 ad

187 1315 248 1366 2⁸
268 1314 541 1378 scrupula
561 1312 904 1366 exactissime
925 1313 1339 1366 construendis.
1368 1313 1548 1378 Quod
1566 1313 1814 1366 libenter
1833 1314 1936 1366 tibi
1956 1314 2275 1379 fignificare
2295 1330 2396 1366 vo-

188 1385 290 1446 lui,
311 1392 376 1437 ut
394 1385 436 1436 fi
455 1390 590 1438 mea
611 1401 794 1450 opera
812 1385 1048 1450 posthac
1069 1385 1407 1450 indigueris,
1434 1385 1615 1438 libere
1635 1386 1803 1450 possis
1822 1388 1924 1446 uti,
1950 1385 2270 1450 praesertim
2288 1401 2397 1450 pro

190 1457 431 1521 reliquis
452 1459 715 1521 quinque
741 1457 1009 1522 planetis,
1038 1473 1295 1521 quorum
1315 1472 1806 1522 unamquamque
1826 1457 2091 1509 tabulam
2113 1460 2175 1508 in
2195 1458 2398 1509 decem

190 1529 396 1581 diebus
426 1526 676 1593 perfecte
710 1528 1088 1580 absolverem.
1124 1528 1302 1591 Quod
1334 1528 1437 1580 tibi
1469 1527 1808 1580 incredibile
1837 1528 2025 1580 videri
2056 1544 2180 1580 non
2212 1529 2397 1580 debet.

188 1599 483 1652 Tabulam
510 1602 671 1651 enim
696 1602 871 1664 primi
896 1600 1133 1652 mobilis
1155 1599 1549 1652 universalem
1574 1599 1770 1651 habeo
1791 1616 1828 1652 a
1846 1615 1943 1651 me
1964 1600 2039 1652 ad
2059 1599 2282 1664 singula
2302 1599 2398 1651 de-

190 1687 318 1723 cem
343 1673 575 1723 minuta
602 1671 701 1735 (ad
725 1671 900 1723 instar
924 1671 1083 1723 illius
1104 1670 1756 1731 REGIOMONTANI,
1785 1687 1921 1735 quae
1948 1671 2023 1723 est
2046 1671 2122 1723 ad
2145 1671 2398 1736 fingulos

189 1742 426 1808 gradus)
448 1742 837 1807 supputatam,
860 1749 915 1794 et
935 1742 1084 1794 alias
1105 1742 1340 1807 insuper
1359 1742 1608 1802 tabulaS,
1630 1742 1844 1807 quibus
1865 1742 2283 1794 calculationes
2303 1745 2398 1794 tri-

191 1813 547 1879 angulorum
572 1813 994 1878 sphaericorum
1019 1829 1124 1878 per
1149 1815 1421 1879 ingressus
1447 1814 1719 1865 laterales
1745 1814 1999 1865 absolv0.
2028 1814 2098 1865 Et
2119 1816 2183 1865 in
2205 1813 2399 1878 planis

188 1885 494 1950 triangulis
516 1885 758 1949 quando
779 1885 981 1950 anguli
1000 1886 1338 1950 inquirendi
1357 1884 1503 1945 sunt,
1531 1886 1862 1937 eademmet
1887 1885 2090 1937 tabula
2111 1891 2245 1936 utor
2265 1888 2397 1936 arti-

189 1956 324 2009 ficio
340 1957 603 2021 quodam
617 1972 653 2008 a
666 1972 763 2008 me
783 1959 1042 2016 invent0,
1064 1957 1224 2020 quod
1245 1959 1424 2008 etiam
1443 1956 1642 2008 locum
1661 1955 1839 2008 habet
1858 1958 1921 2007 in
1940 1956 2233 2021 triangulo
2255 1956 2397 2008 obli-

191 2028 511 2093 quangulQ
539 2031 602 2079 in
629 2043 765 2092 quo,
793 2027 942 2080 datis
969 2028 1200 2080 duobus
1226 2027 1505 2080 lateribus
1532 2043 1668 2080 cum
1694 2027 1914 2092 angulo
1941 2027 2015 2079 ab
2041 2029 2112 2092 ijs
2137 2042 2397 2091 compre-

190 2099 389 2159 hens0‚
410 2099 749 2164 inquirendi
762 2102 1009 2151 veniunt
1023 2099 1240 2164 anguli,
1257 2114 1377 2164 qua
1391 2101 1734 2164 operatione
1748 2099 2079 2164 indigemus
2093 2105 2398 2163 tantopere

190 2174 254 2223 in
274 2169 710 2235 aequationibus
730 2170 1105 2236 planetarum
1125 2170 1491 2223 definiendis

263 2241 425 2294 Scias
456 2240 715 2306 profecto
745 2257 841 2294 me
871 2242 1022 2294 adeo
1054 2244 1140 2294 tui
1170 2243 1273 2294 esse
1302 2241 1617 2294 studiosum
1647 2248 1702 2293 et
1731 2241 2302 2301 observantissimum,
2336 2247 2400 2293 ut

190 2313 342 2365 nihil
367 2313 531 2365 aliud
557 2315 822 2378 cogitem,
851 2329 1033 2378 quam
1062 2319 1126 2365 ut
1150 2314 1253 2365 tibi
1279 2329 1375 2365 me
1400 2319 1632 2378 gratum
1658 2313 1919 2378 probem.
1948 2313 2112 2376 Quin
2133 2319 2188 2364 et
2207 2312 2321 2364 hoc
2343 2319 2398 2364 te

191 2400 316 2437 non
335 2384 516 2437 latere
537 2384 693 2444 vo10,
719 2391 1025 2449 tantopere
1045 2384 1193 2436 mihi
1214 2385 1317 2436 esse
1338 2387 1402 2436 in
1422 2387 1650 2449 optatiS,
1679 2391 1743 2436 ut
1768 2399 1864 2436 me
1891 2383 2086 2436 adhuc
2106 2387 2244 2435 vivo
2268 2399 2398 2448 pro-

192 2457 326 2508 deat
338 2458 402 2507 in
415 2455 610 2508 lucem
625 2455 905 2509 correctio
926 2456 1240 2508 caelestium
1260 2464 1550 2516 motuum,
1572 2462 1636 2507 ut
1655 2455 1806 2507 nulli
1825 2456 2191 2520 parcendum
2210 2455 2400 2507 labori

193 2527 531 2587 existimem,
568 2543 687 2592 quo
720 2528 779 2580 id
811 2529 1025 2592 assequi
1056 2527 1270 2588 liceret,
1307 2527 1405 2580 etfi
1433 2527 1584 2579 nihil
1611 2543 1683 2579 ex
1710 2543 1782 2579 eo
1812 2527 1888 2579 ad
1916 2527 2166 2592 gloriam
2194 2526 2399 2590 profici

190 2605 410 2664 putem,
431 2598 527 2651 sed
546 2598 680 2651 satis
700 2598 957 2651 habeam
971 2597 1224 2652 fructum
1238 2598 1425 2659 illum,
1447 2605 1510 2651 ut
1523 2598 1733 2651 scilicet
1745 2598 1894 2650 mihi
1908 2605 2139 2650 tantum
2152 2598 2280 2650 usui
2295 2597 2400 2649 fint

192 2673 255 2722 in
275 2670 604 2810 cigrcefiida
622 2670 950 2736 Astrologia
969 2671 1279 2723 iudiciaria
1298 2670 1476 2736 vulgo
1497 2669 1664 2731 dicta,
1694 2686 1813 2734 qua
1832 2673 2051 2721 mirum
2071 2672 2134 2721 in
2153 2670 2400 2721 modum

192 2741 321 2793 dele
380 2757 462 2794 or.
827 2790 832 2795 .

264 2812 727 2878 Ephemeridum
751 2828 1024 2865 mearum
1050 2829 1239 2865 unum
1266 2820 1497 2865 tantum
1523 2820 1752 2865 tomum
1773 2812 1847 2865 ab
1869 2827 2030 2864 anno
2050 2811 2179 2864 1598
2198 2813 2398 2875 incipi-

194 2890 391 2935 entem
406 2890 461 2935 et
476 2887 539 2935 in
552 2899 781 2936 annum
793 2884 910 2936 1610
920 2884 1278 2936 desinentem
1290 2885 1488 2936 denuo
1499 2885 1830 2948 impressum
1843 2883 2129 2948 evulgavi,
2145 2885 2207 2934 in
2222 2897 2400 2946 quem

194 2954 344 3006 nihil
363 2957 506 3006 novi
525 2955 772 3019 reposui,
799 2962 1012 3020 praeter
1031 2954 1338 3008 auctuaria
1359 2955 1637 3020 quaedam
1657 2958 1719 3006 in
1740 2955 2059 3019 Isagogicis,
2088 2969 2223 3005 cum
2243 2968 2398 3005 com-

193 3026 411 3091 pendio
432 3024 822 3078 directionum
840 3026 1162 3079 secundum
1181 3030 1342 3079 viam
1365 3026 1734 3086 rationalem,
1757 3032 1812 3077 61
1832 3025 2177 3088 Quadrante
2199 3025 2398 3076 Direc-

193 3100 344 3149 torio
371 3097 448 3150 ad
472 3104 732 3149 mentem
755 3097 1202 3150 PTOLEMAEI.
1230 3098 1548 3163 Exemplar
1573 3098 1648 3149 ad
1674 3104 1730 3148 te
1755 3096 2001 3151 libenter
2025 3099 2332 3156 mitterem,
2359 3095 2400 3146 fi

195 3183 456 3233 congrua
475 3167 624 3220 mihi
644 3169 771 3220 esset
791 3168 1038 3229 occafio;
1063 3169 1255 3221 aestate
1275 3169 1388 3221 hac
1408 3172 1681 3234 proxima
1701 3168 1846 3220 alter
1865 3175 2077 3228 tomuS‚
2098 3170 2301 3232 viginti
2320 3166 2399 3218 se-

196 3246 442 3304 quentes
462 3255 654 3292 annos
675 3238 1083 3304 complectens
1106 3241 1446 3301 excudetur;
1475 3247 1529 3292 et
1549 3246 1688 3291 tunc
1709 3242 1880 3291 enixe
1902 3239 2138 3299 curab0,
2165 3245 2229 3289 ut
2249 3238 2324 3290 ad
2344 3245 2399 3289 te

195 3310 494 3375 utriusque
514 3313 661 3363 tomi
680 3310 998 3375 Exemplar
1017 3311 1327 3364 deferatur.

267 3382 404 3434 Vidi
423 3397 613 3447 nuper
633 3397 769 3447 quae
791 3388 994 3434 contra
1019 3398 1115 3434 me
1141 3383 1424 3435 inutiliter
1444 3381 1692 3434 effutivit
1713 3380 1960 3433 DAVID
1983 3379 2399 3462 ORIGANUJS

2335 3466 2399 3501 111
