2678 4022
287 292 369 343 116
821 288 1260 340 EPISTOLAE
1286 288 1957 342 ASTRONOMICAE

358 432 451 484 Tu
465 437 661 483 autem
678 433 760 482 mi
775 433 994 494 optime
1010 430 1371 491 OLIGERE,
1393 431 1495 483 diu
1513 447 1648 483 cum
1662 447 1890 495 nupera
1905 434 2151 497 coniuge
2166 447 2302 484 mea
2315 438 2488 497 nepte

288 520 324 555 a
343 519 438 554 me
460 503 765 566 diligenter
784 501 1032 554 salutata
1048 517 1117 554 ac
1135 501 1411 554 omnibus
1428 505 1543 554 tuis
1562 519 1743 567 quam
1759 502 2070 554 felicissime
2083 502 2241 563 vale;
2264 509 2319 554 et
2334 502 2375 554 fi
2388 519 2487 555 va-

288 582 379 626 cat
400 573 591 635 (debet
608 579 807 624 autem
821 573 1057 636 vacare)
1078 573 1241 625 brevi
1261 573 1520 625 rescribe.
1543 574 1775 638 Raptim
1790 573 2235 638 Wandesburgo
2248 574 2334 626 25.
2351 574 2488 639 Sep—

286 645 524 696 tembris
545 643 687 695 1598.
1639 680 1805 732 Tuus
1831 680 2071 732 TYCHo
2099 681 2345 741 BRAHE‚
2539 697 2561 732 ⁵

1761 766 1947 802 manu
1966 753 2221 815 propria.

288 890 362 935 [Ex
392 890 635 935 apographo
665 889 709 925 in
739 890 884 927 codiee
913 890 1111 936 Pragensi
1139 890 1304 928 Archiv.
1336 891 1458 927 Univ.
1488 893 1534 926 62
1556 892 1585 926 Β
1606 892 1644 932 6;
1675 891 1723 927 cf.
1754 891 2045 936 apographum
2076 890 2119 926 in
2149 889 2330 927 Archivo
2360 890 2490 936 Regni

384 937 551 973 Daniae:
574 937 880 982 Diplomatario
902 938 1173 984 Langebekii]

420 1024 769 1098 DAVID
811 1025 1453 1099 CHYTRAEUS
1492 1026 1654 1098 AD
1695 1025 2178 1099 TYCHON
2190 1025 2360 1097 EM

1245 1129 1532 1180 BRAHE.
2544 1145 2587 1180 ιο

1325 1210 1374 1252 S.
1402 1211 1451 1253 P.
2522 1209 2605 1252 22¹·

302 1278 305 1311 ⁵
477 1320 486 1334 .
512 1267 601 1349 *ff-
616 1298 641 1366 χ
757 1284 1008 1337 OBILIS
1024 1290 1078 1335 et
1093 1283 1412 1348 Magnifice
1431 1283 1691 1334 Domine
1707 1283 1958 1334 Patrone
1974 1282 2240 1335 colendel
2265 1282 2492 1337 ‘'Oooov
2540 1287 2569 1330 ¹1·

384 1367 430 1425 3³*
492 1359 502 1387 ³
624 1411 639 1421 s
667 1291 716 1430 ἦ
757 1354 862 1421 ἔαρ
888 1358 1185 1423 χειμῶνος,
1213 1353 1356 1408 ὅσον
1382 1353 1566 1422 μᾶλον
1589 1352 1923 1421 Βραβύλοιο
1948 1353 2132 1416 ἅδιον,
2159 1360 2323 1406 tanto
2343 1352 2492 1406 mihi

311 1453 341 1491 s,
618 1422 638 1464 ''-
668 1431 714 1489 ,Q
757 1429 973 1491 gratior
1000 1432 1054 1477 et
1080 1425 1307 1477 dulcior
1326 1432 1429 1477 tua
1450 1425 1702 1489 Epistola
1727 1425 1927 1476 multis
1955 1425 2087 1489 alijs
2114 1425 2324 1476 eodem
2349 1432 2491 1477 tem-

319 1494 335 1514 *
439 1535 445 1542 .
601 1500 605 1504 “
633 1515 643 1526 ξ
668 1513 719 1572 ζ,
756 1513 899 1563 pore
920 1497 1112 1549 allatis
1133 1497 1256 1557 fuit,
1279 1512 1460 1561 quam
1481 1513 1518 1548 a
1537 1496 1766 1548 summo
1786 1503 1840 1547 et
1856 1496 2242 1548 laudatissimo
2257 1495 2490 1548 Mathe·
2546 1513 2588 1548 1⁵

439 1589 469 1621 .·
515 1569 603 1630 7
670 1578 719 1617 ψ
757 1575 985 1621 matum
1011 1567 1249 1628 artifice,
1277 1584 1345 1620 ac
1368 1583 1505 1619 vere
1534 1567 1620 1631 (ut
1641 1567 1921 1619 Summus
1943 1573 1997 1619 et
2018 1567 2374 1620 Clarissimus
2393 1567 2492 1619 ille

481 1672 485 1674 -
508 1649 537 1676 m
562 1660 568 1667 ·
613 1673 616 1677 -
668 1634 687 1664 ⁷
758 1641 1032 1704 Princeps
1050 1639 1125 1691 ad
1145 1638 1481 1691 Caesaream
1502 1639 1656 1690 Mtem
1678 1638 1749 1689 de
1770 1645 1825 1690 te
1845 1637 2101 1702 testatur)
2122 1645 2286 1703 patre
2301 1638 2492 1690 Astro-

289 1727 609 1764 nomorum
632 1712 811 1763 huius
832 1710 1025 1763 Seculi
1046 1717 1101 1762 et
1120 1713 1298 1762 unico
1318 1709 1498 1761 huius
1518 1709 1920 1762 laudatissimae
1941 1709 2193 1762 scientiae
2214 1709 2492 1762 instaura-

289 1790 413 1835 tore
439 1783 724 1848 scriptam,
751 1782 1027 1847 fingulari
1051 1781 1199 1833 mihi
1227 1788 1281 1833 et
1306 1781 1503 1833 liberis
1528 1784 1677 1833 meis
1703 1781 1919 1833 honori
1940 1787 1995 1832 et
2016 1787 2368 1833 ornamento
2389 1782 2493 1833 esse

289 1855 501 1906 iudico,
541 1853 912 1906 Periucunda
944 1855 1139 1913 etiam,
1173 1853 1324 1905 adeo
1355 1853 1611 1917 benigna
1644 1859 1699 1904 et
1730 1852 2143 1904 humanissima
2172 1853 2493 1904 voluntatis
2543 1869 2590 1904 20

288 1933 407 1977 tuae
431 1925 770 1991 fignificatio
791 1924 903 1976 hac
924 1926 987 1976 in
1006 1930 1170 1988 parte
1197 1924 1321 1984 fuit,
1349 1924 1510 1988 quod
1537 1927 1817 1989 exiguum
1838 1930 1893 1975 et
1911 1930 2089 1976 tenue
2111 1923 2494 1976 observantiae

290 2013 426 2062 erga
446 2004 500 2049 te
521 1997 701 2048 huius
714 1996 1058 2048 Academiae
1073 1994 1353 2056 officium,
1375 1996 1478 2048 tibi
1496 1995 1869 2047 Rostochium
1889 1996 2129 2060 ingresso
2150 1994 2493 2055 exhibitum,

290 2069 450 2133 quod
469 2068 587 2120 fine
608 2067 818 2120 scelere
838 2069 1202 2131 praetermitti
1218 2082 1343 2118 non
1356 2074 1600 2131 poterat,
1621 2069 1923 2118 mentione
1938 2066 2243 2118 literarum
2255 2073 2495 2118 tuarum

289 2156 413 2191 non
439 2140 748 2205 indignum
775 2140 878 2190 esse
905 2138 1117 2199 censeS,
1143 2139 1365 2202 tibique
1393 2154 1517 2190 non
1542 2141 1838 2203 ingratum
1861 2154 1969 2189 nec
1989 2137 2381 2190 iniucundum
2401 2152 2493 2189 ac-

290 2212 495 2270 cidisse;
525 2212 664 2273 τούς
690 2227 752 2263 τε
781 2209 1043 2277 ἀγαθοὺς
1070 2211 1171 2262 καὶ
1200 2210 1327 2262 ἀντὶ
1358 2212 1578 2277 μικρῶν
1604 2208 1886 2262 οἵδασθαι
1910 2210 2078 2277 χάριν
2104 2209 2369 2261 ostendis,
2398 2208 2495 2260 Ad
2544 2226 2590 2261 25

291 2283 564 2334 Eruditos
593 2297 735 2333 vero
767 2288 821 2333 et
850 2281 1062 2333 Claros
1090 2283 1249 2332 viros
1278 2280 1546 2340 scribens,
1581 2296 1716 2332 cum
1746 2283 2076 2332 amicorum
2107 2282 2311 2332 omnia
2339 2292 2493 2332 com-

290 2356 497 2405 munia
523 2353 645 2413 fint,
672 2354 932 2404 maxime
954 2352 1096 2403 duxi
1117 2367 1463 2403 communes
1487 2355 1817 2403 amicorum
1837 2354 2061 2404 amicos
2082 2353 2186 2403 essc
2206 2357 2493 2416 oportere.

291 2425 549 2488 Ideoque
571 2424 641 2475 de
663 2426 837 2475 amici
857 2422 1292 2488 praestantissimi
1306 2423 1432 2474 Viri
1451 2423 1596 2475 statu
1616 2423 1900 2487 praesenti,
1924 2425 2091 2474 cuius
2112 2421 2495 2487 cognoscendi

292 2495 572 2546 defiderio
597 2497 783 2546 teneri
808 2494 942 2546 illos
968 2509 1092 2545 non
1119 2494 1478 2554 dubitabam,
1508 2493 1952 2558 fignificandum
1980 2493 2317 2553 existimavi,
2346 2508 2493 2558 prae-

291 2566 482 2617 sertim
510 2582 646 2617 curn
674 2566 1060 2617 eruditissimae
1086 2565 1244 2616 illius
1272 2571 1326 2616 et
1351 2565 1583 2616 sublimi
1609 2567 1846 2629 ingenio
1872 2571 1976 2616 tuo
2003 2571 2274 2617 accurate
2299 2564 2493 2617 elabo-
2544 2581 2591 2616 30

292 2644 435 2689 ratae
457 2637 710 2702 epistolae
733 2637 830 2701 (ad
851 2636 1151 2701 quendam
1172 2636 1406 2688 Midam
1426 2635 1518 2687 his
1537 2636 1734 2701 studijs
1754 2635 2134 2700 iniquiorem)
2157 2635 2496 2700 exemplum

292 2709 425 2760 ideo
452 2715 507 2760 te
533 2708 681 2760 mihi
711 2723 912 2760 coram
942 2708 1147 2760 dedisse
1176 2707 1577 2772 intelligerem,
1609 2714 1672 2759 ut
1702 2722 1838 2759 cum
1866 2707 2132 2772 pluribus
2160 2709 2337 2758 etiam
2364 2706 2496 2772 alijs

293 2782 497 2831 amicis
519 2782 1038 2831 communicarem.
1068 2778 1270 2841 Quare
1296 2794 1420 2830 non
1442 2778 1632 2830 solum
1652 2778 1958 2831 IACOBO
1981 2777 2378 2839 MONAVIO‚
2399 2792 2495 2829 ve-

292 2866 425 2902 rum
452 2851 720 2903 PAULO
749 2850 1107 2903 SCHEDIO
1134 2849 1490 2909 MELISSO‚
1522 2852 1699 2901 etiam
1725 2850 2041 2902 Poetarum
2069 2849 2278 2901 nostrae
2308 2851 2495 2901 aetatis

292 2923 562 2986 Principi,
580 2929 634 2973 et
649 2921 1009 2974 IOHANNI
1023 2920 1388 2982 POSTHIO,
1409 2920 1708 2985 utriusque
1723 2921 1882 2972 Artis
1896 2920 2232 2985 Apollineae
2247 2919 2494 2981 antistiti,
2544 2936 2592 2971 35

294 3000 348 3044 et
367 2993 838 3045 ABRAHAMO
861 2992 1202 3045 ORTELIO
1226 2990 1603 3057 GeographO,
1632 3007 1810 3056 quem
1836 2995 2141 3056 proximus
2162 2990 2383 3043 Menfis
2403 2990 2494 3043 Iu·

293 3067 427 3115 nius
447 3063 643 3116 Terris
670 3066 897 3128 eripuit,
926 3069 981 3115 et
1007 3065 1235 3128 aliquot
1261 3063 1392 3128 alijs
1418 3065 1616 3114 minus
1638 3062 1961 3115 celebribus
1988 3065 2281 3128 impertivi
2303 3062 2495 3127 legen-

294 3135 453 3194 dam;
482 3138 584 3199 qui
605 3131 625 3203 ΙΙ
647 3138 849 3187 animo
877 3141 932 3187 et
951 3150 1096 3187 voce
1121 3140 1286 3199 grata
1312 3133 1576 3186 officium
1601 3150 1804 3186 meum
1824 3135 2058 3186 vicissim
2083 3134 2493 3199 praedicarunt.
2526 3141 2614 3185 22v

294 3206 657 3258 Nobilissimo
687 3214 887 3258 autem
916 3205 1107 3258 Heroi
1137 3205 1501 3257 HENRICO
1530 3205 1964 3266 RANZOVIO,
1993 3205 2276 3270 sapientia
2302 3210 2357 3256 et
2380 3206 2492 3256 vir-

294 3283 414 3328 tute
443 3277 751 3341 praestanti,
786 3278 857 3329 de
886 3277 999 3329 hac
1027 3275 1435 3328 munificentia
1465 3276 1741 3341 gratulor,
1775 3277 1935 3341 quod
1964 3278 2188 3328 caeteris
2220 3275 2495 3328 laudibus
2543 3291 2590 3327 4ο

295 3348 649 3411 amplissimis
677 3348 831 3400 hanc
862 3363 1100 3413 quoque
1129 3347 1367 3404 addidit,
1397 3354 1460 3398 ut
1486 3346 1830 3399 ATLANTI
1857 3347 2169 3399 Herculeis
2195 3345 2495 3399 laboribus

2320 3432 2495 3469 axem
