2652 4022
258 315 349 366 172
790 309 1228 362 EPISTOLAE
1253 308 1925 362 ASTRONOMICAE

257 455 550 521 puppibus
583 468 751 505 arma
784 458 838 503 et
872 451 1026 504 bella
1047 492 1913 505 .........................
1942 452 2265 504 Praesertim
2296 452 2455 505 Prin-

258 527 482 591 cipibus
504 526 771 577 German
803 563 1776 575 ............................
1799 523 2104 576 Valachiae
2124 523 2300 575 heros
2321 539 2455 576 con-

257 598 408 650 stans
430 603 483 648 et
503 596 666 647 fortis
689 635 1270 647 .................
1293 594 1621 655 Cardinali;
1650 597 1744 646 cui
1768 594 2326 648 SIGISMUNDUS
2347 595 2456 647 Ba-

260 704 876 721 ..................
895 666 1067 718 stituit
1097 666 1257 731 quod
1285 665 1425 717 felix
1455 671 1510 717 et
1540 665 1805 718 constans

258 741 487 791 Interea
507 738 649 790 dum
668 737 798 790 haec
819 744 874 789 et
894 738 1013 790 alia
1028 738 1211 790 scribo
1234 777 1779 789 ................
1803 737 2268 790 CRAMERUM
2288 744 2458 789 tuum

257 825 577 874 meumque
596 809 838 874 perstrin
860 849 1335 861 ..............
1357 807 1555 861 iuncto
1577 808 1848 873 exemplo
1868 809 2032 860 vides
2055 849 2456 862 ............

260 921 912 934 ...................
941 887 1118 945 atque
1144 896 1268 933 non
1294 880 1496 932 saltem
1521 882 1607 931 tui
1634 880 1708 932 ob
1736 880 2026 932 diutinam
2054 921 2065 931 .
2089 921 2100 931 .
2125 920 2136 931 .
2161 921 2172 931 .
2197 920 2207 931 .
2232 921 2243 931 .
2268 921 2279 932 .
2303 921 2314 932 .
2338 921 2350 932 .
2374 921 2385 932 .
2409 921 2421 931 .
2445 920 2456 932 .

260 996 269 1005 .
295 995 305 1005 .
330 995 340 1005 .
362 953 472 1005 bus
492 952 667 1004 latius
687 951 1010 1012 scriberem,
1032 967 1168 1004 cum
1186 953 1295 1004 doc
1318 992 1864 1004 ................
1885 950 2138 1003 thesibus
2152 954 2299 1003 meis
2315 966 2457 1016 quo-

256 1025 436 1077 modo
469 1023 826 1077 DUNCAN
858 1063 1867 1075 .............................
1889 1023 1998 1074 bus
2030 1022 2210 1074 literis
2242 1023 2355 1075 hac
2387 1023 2458 1075 de

257 1112 319 1148 re
340 1096 415 1148 ad
435 1111 530 1147 me
551 1095 695 1160 scrip
718 1136 1263 1147 ................
1285 1094 1579 1146 nonnulla
1599 1110 1735 1159 quae
1756 1092 1966 1146 rectius
1986 1094 2083 1146 scit
2102 1094 2282 1146 dissim
2304 1134 2457 1146 .....

260 1207 662 1220 ............
690 1166 1488 1219 Handkandfaamereen
1510 1166 1715 1218 anden
1739 1206 1749 1217 .
1774 1206 1784 1217 .
1810 1206 1821 1217 .
1846 1207 1857 1217 .
1881 1207 1892 1217 .
1917 1206 1928 1217 .
1953 1206 1964 1216 .
1988 1206 1999 1217 .
2024 1206 2035 1217 .
2059 1206 2070 1217 .
2095 1206 2106 1217 .
2131 1207 2142 1217 .
2166 1206 2177 1217 .
2201 1206 2212 1216 .
2237 1165 2457 1218 ..bort

257 1240 497 1291 Interim
524 1241 747 1304 cogitet,
775 1238 935 1303 quod
961 1254 1061 1290 am
1083 1278 1805 1290 .....................
1834 1232 1855 1305 ΙΙ
1880 1253 1989 1289 nec
2014 1236 2147 1288 fecit
2172 1252 2458 1302 unquam,
2496 1246 2573 1290 10¹

257 1311 352 1363 sed
372 1326 476 1375 per
495 1316 550 1362 te
571 1326 608 1362 a
630 1350 1138 1362 ...............
1160 1316 1400 1374 tamque
1422 1308 1650 1361 diutina
1670 1308 2066 1361 familiaritate
2089 1348 2457 1360 ...........

295 1424 306 1434 .
332 1424 342 1434 .
367 1423 378 1434 .
400 1384 613 1434 reticet.
636 1381 881 1446 Iamque
901 1384 1114 1433 iterum
1136 1387 1191 1433 et
1211 1396 1392 1446 quam
1415 1420 2174 1432 ......................

260 1594 334 1639 [Ex
355 1595 598 1641 apographo
619 1594 663 1630 in
682 1593 864 1631 Archivo
886 1593 1016 1639 Regni
1037 1593 1205 1629 Daniae:
1228 1592 1533 1638 Diplomatario
1555 1591 1825 1637 Langebekii]

489 1681 1019 1756 TYCHONI
1064 1680 1446 1753 BRAHE
1490 1679 1799 1753 IOAN.
1845 1678 2237 1752 GEORG

815 1784 1212 1837 HERWART
1232 1785 1338 1836 AB
1366 1782 1909 1836 HOHENBURG.

384 1933 387 1943 .
473 1888 567 1938 ξεί
535 1913 584 1947 gL
733 1879 1009 1932 ITERAS
1029 1885 1177 1940 tuaS‚
1196 1882 1285 1931 vir
1305 1878 1541 1931 nobiliss.
1564 1885 1742 1943 atque
1762 1877 2318 1931 mathematicorum
2338 1894 2461 1931 om-

286 1999 333 2018 ,χ
602 2003 609 2033 ,
668 1979 675 1984 -
733 1954 902 2003 nium
927 1951 1097 2003 facile
1122 1954 1410 2016 princepS‚
1439 1949 1759 2002 Benachiae
1780 1949 1989 2002 ultima
2007 1949 2219 2002 menfis
2238 1951 2461 2002 novissi-

308 2058 317 2071 .
391 2019 415 2081 st
451 2055 561 2068 κ
640 2045 669 2055 -·
732 2039 828 2075 me
857 2022 1032 2087 elapfi
1059 2023 1135 2075 ad
1160 2038 1256 2074 me
1284 2022 1466 2083 datas,
1493 2023 1618 2074 una
1644 2037 1780 2073 cum
1805 2021 2082 2075 adiuncto
2109 2021 2348 2088 deliquij
2374 2021 2460 2074 lu-

286 2110 316 2138 s
421 2099 647 2169 25'3
733 2097 894 2147 naris
927 2094 1155 2146 calculo
1188 2101 1243 2146 et
1274 2094 1570 2160 systemate
1605 2093 1787 2158 probe
1820 2097 2035 2158 accepi,
2073 2099 2128 2145 et
2162 2096 2225 2145 in
2259 2095 2463 2157 primis

327 2172 332 2185 ‘
401 2161 409 2168 ’
452 2214 459 2222 .
499 2222 537 2241 χ
629 2192 631 2194 ’
624 2173 693 2225 -}2.
732 2181 1092 2249 magnopere
1119 2165 1246 2217 sum
1271 2165 1519 2226 laetatuS‚
1546 2165 1770 2217 sacram
1797 2164 1941 2217 Caes
1965 2164 2189 2218 Maiest.
2218 2165 2277 2217 id
2303 2165 2463 2229 quod

335 2271 338 2275 >
400 2273 405 2275 >
628 2268 632 2274 f
673 2238 686 2257 “
733 2237 858 2290 fore
885 2240 1122 2289 animus
1151 2237 1299 2289 mihi
1328 2240 1450 2288 iam
1479 2242 1656 2289 antea
1680 2235 2075 2301 praesagi‚ebat
2105 2236 2209 2288 tibi
2236 2235 2463 2300 tuisque

259 2310 456 2375 studijs
487 2325 595 2374 pro
628 2310 905 2374 dignitate
939 2315 993 2360 et
1024 2310 1246 2360 meritis
1277 2308 1633 2372 prospexisse,
1671 2314 1848 2372 atque
1882 2311 2008 2360 eius
2040 2310 2283 2360 nomine
2315 2307 2464 2359 mihi

261 2396 499 2446 quoque
519 2381 760 2433 subinde
780 2379 1056 2446 gratulor,
1085 2380 1245 2444 quod
1270 2379 1383 2431 hac
1409 2382 1637 2432 ratione
1665 2385 1719 2430 et
1746 2381 2004 2431 amicitia
2029 2387 2147 2439 tua,
2175 2381 2261 2431 uti
2286 2378 2462 2443 plane

261 2452 512 2512 confid0‚
540 2451 656 2504 frui
683 2458 737 2503 et
763 2451 910 2503 forte
937 2451 1262 2515 aliquando
1282 2457 1337 2503 te
1359 2466 1597 2515 quoque
1622 2453 1939 2502 convenire
1961 2457 2015 2502 et
2036 2466 2237 2502 coram
2263 2450 2465 2514 aliqua

260 2532 454 2576 tecum
484 2523 747 2575 conferre
779 2537 1012 2587 queam.
1043 2522 1136 2574 De
1162 2524 1354 2587 patria
1378 2538 1520 2574 vero
1547 2528 1650 2574 tua
1676 2521 1835 2586 quod
1861 2528 1916 2573 te
1942 2521 2015 2573 fic
2041 2521 2310 2582 amiserit,
2340 2536 2465 2573 non

260 2598 458 2647 miror.
482 2594 631 2659 Quis
653 2597 812 2646 enim
832 2609 1100 2658 unquam
1119 2593 1215 2645 vel
1234 2593 1527 2658 Propheta
1546 2600 1818 2657 acceptus
1838 2595 1900 2645 in
1919 2591 2144 2657 patria?

334 2666 487 2730 Quae
516 2666 710 2718 scribis
740 2666 811 2717 de
840 2666 1087 2717 Veneris
1115 2665 1291 2725 stella,
1322 2679 1458 2729 quae
1488 2664 1811 2729 aliquando
1840 2670 2051 2728 praeter
2079 2663 2312 2715 solitum
2340 2679 2464 2715 non

262 2738 638 2802 comparuisse
669 2737 932 2797 traditur,
967 2736 1364 2801 perplacuere,
1399 2742 1453 2787 et
1485 2738 1699 2801 gratias
1731 2751 1842 2801 ago
1873 2735 1976 2787 tibi
2007 2750 2270 2800 magnaS,
2304 2734 2463 2799 quod

261 2825 478 2875 magno
509 2804 529 2877 ΙΙ
559 2824 654 2860 me
688 2808 868 2861 dubio
900 2807 1257 2860 liberaveris,
1292 2807 1449 2859 Cum
1482 2810 1642 2859 enim
1673 2806 1822 2858 mihi
1853 2806 2280 2872 persuaderem,
2313 2806 2463 2871 posse

261 2882 509 2933 Veneris
538 2880 776 2940 stellam,
806 2880 1088 2932 subeunte
1117 2879 1276 2931 stella
1302 2879 1602 2944 Mercurij,
1634 2877 1882 2943 Eclipfin
1910 2880 2048 2943 pati,
2079 2885 2256 2942 atque
2287 2880 2465 2930 etiam

263 2968 334 3004 ex
355 2951 583 3004 calculo
603 2952 913 3003 Prutenico
935 2966 1006 3003 eo
1027 2950 1148 3016 ipso
1168 2957 1432 3015 tempore
1455 2954 1502 3008 0‘
1531 2954 1568 3009 Ω
1594 2956 1646 3001 et
1675 2951 1707 3011 ἴ
1734 2952 2105 3010 matutinam,
2126 2948 2307 3014 paulo
2328 2954 2464 3001 ante

263 3030 458 3075 ortum
488 3023 639 3075 Solis
668 3023 864 3083 talem,
893 3025 957 3074 in
986 3038 1106 3087 qua
1142 3024 1175 3084 32
1209 3021 1362 3074 infra
1395 3026 1431 3081 Q
1465 3022 1608 3082 esset,
1638 3021 2178 3081 animadvertissem,
2209 3023 2465 3072 incertus

263 3097 447 3147 animi
469 3110 648 3155 eram,
671 3095 813 3159 quid
833 3093 945 3147 hac
963 3094 1035 3146 de
1049 3109 1111 3145 re
1126 3093 1275 3145 foret
1288 3093 1673 3145 statuendum.
1696 3092 1997 3144 Caeterum
2011 3091 2335 3144 rationibus
2349 3093 2465 3143 tuis

263 3166 702 3231 praegnantibus
723 3182 901 3218 omne
921 3165 1070 3217 mihi
1090 3165 1337 3217 dubium
1358 3180 1430 3216 ex
1451 3166 1653 3216 animo
1676 3164 1948 3216 exemisti.

335 3237 442 3289 Illa
461 3253 655 3302 porro,
678 3253 814 3302 quae
835 3237 907 3289 de
927 3237 1184 3289 motibus
1198 3236 1585 3288 luminarium
1600 3242 1654 3287 et
1670 3236 1995 3287 eorundem
2010 3233 2325 3287 defectibus
2337 3232 2463 3285 sub-

264 3309 511 3367 iunxisti‚
542 3309 779 3361 fuerunt
808 3309 956 3361 mihi
984 3307 1136 3361 lectu
1164 3307 1582 3359 iucundissima.
1617 3306 1974 3358 Immensum
2003 3322 2145 3358 vero
2175 3311 2465 3370 quantum

264 3380 491 3444 gavisus
506 3380 734 3441 fuerim,
752 3396 888 3432 cum
903 3396 975 3432 ex
990 3378 1295 3446 hypothesi
1307 3385 1411 3430 tua
1425 3379 1629 3439 Lunae‚
1645 3378 1915 3442 adeoque
1928 3384 2051 3429 tota
2064 3377 2221 3428 illius
2235 3375 2465 3428 theoria

2410 3452 2466 3499 et

2507 756 2529 790 5

2513 1111 2555 1146 10

2515 1592 2557 1627 15

2494 2025 2557 2073 v20

2513 2396 2559 2431 25

2511 2816 2530 2859 μ·

2513 3108 2559 3143 35
