2638 3970
404 309 706 362 TYCHO
734 309 856 361 AD
883 308 1531 362 TAUBMANNUM
1559 307 1736 374 10120
1762 308 2156 362 SEPT.1600
2276 310 2379 361 365

181 449 230 494 [E
252 450 395 487 codice
416 449 649 486 Basileensi
669 450 708 486 G
728 450 743 485 1
765 448 827 493 35]

317 536 712 611 TYCHO
757 535 1139 608 BRAHE
1177 536 1339 608 AD
1379 536 2242 611 TAUBMANNUM.

54 674 130 716 141
145 683 160 701 r
356 665 538 726 Num,
569 663 1043 725 TAUBMANE,
1069 662 1179 715 tibi
1197 677 1324 715 Vox
1340 677 1536 716 rauca
1554 662 1620 715 in
1641 664 1932 718 faucibus
1951 663 2194 717 haeret?

428 733 707 801 PiJcibus
727 737 792 788 61
801 732 1060 802 stupidis
1078 733 1313 787 mutior
1329 731 1474 800 esne
1494 734 1697 788 feris?

109 825 131 859 ⁵
356 807 544 860 Forte
563 807 898 859 Poetarum
919 804 1065 872 quia
1082 819 1224 858 mos
1245 802 1328 869 est
1342 804 1587 873 fingere
1608 805 1871 873 quidvis,

427 878 563 930 Nos
582 876 773 931 etiam
795 876 982 930 Vanis
1001 875 1168 929 ludis
1186 875 1588 944 imaginibus.

356 949 446 1001 At
458 946 756 1016 praesiare
774 947 961 1001 fidem
986 961 1187 1000 vanos
1208 962 1452 1014 quoque
1471 950 1618 1000 Iura
1638 949 1883 1011 Poe'taS,

426 1021 510 1073 Et
525 1023 666 1072 rata
678 1018 982 1086 pollicitis
1002 1017 1206 1071 debita
1226 1017 1408 1083 inesse
1426 1018 1656 1073 iubent.

358 1090 554 1144 Solve
570 1090 779 1159 igitur,
803 1104 944 1157 quae
962 1089 1100 1143 iure
1119 1089 1278 1142 mihi
1295 1092 1360 1143 tu
1385 1089 1680 1143 Carmina
1701 1091 1908 1153 debeS,

90 1180 132 1215 ιο
427 1160 733 1230 Falsaque
752 1160 920 1229 (cum
939 1176 1222 1228 nequeas
1245 1176 1397 1215 vera
1416 1160 1684 1228 referre)
1703 1161 1890 1215 refer.

612 1294 670 1345 N
700 1292 885 1344 habes
913 1291 1011 1344 hic
1037 1292 1399 1358 antefignani
1424 1293 1592 1345 vestri
1617 1295 1820 1357 tuique
1847 1293 2213 1357 plasmatoris
2240 1294 2383 1345 ME-

612 1363 797 1417 LISSI
827 1363 954 1428 (qui
980 1370 1182 1415 tamen
1208 1380 1420 1417 raucos
1447 1371 1503 1416 et
1527 1371 1723 1416 mutos
1750 1365 1958 1416 Poetas
1989 1367 2205 1416 creavit
2234 1380 2383 1416 nun-

613 1435 818 1501 quam)
850 1435 1138 1488 Carmina
1166 1451 1357 1501 nuper
1385 1436 1461 1488 ad
1490 1452 1585 1488 me
1614 1437 1788 1496 missa,
1820 1436 1922 1488 ubi
1947 1451 2384 1499 nonnunquam

321 1453 498 1567 -41,
532 1532 534 1535 ·
613 1506 1131 1571 dissimilisal‘eipso
1145 1509 1391 1560 videtur.
1413 1507 1587 1560 Adest
1604 1510 1782 1559 etiam
1797 1506 2069 1559 Doctoris
2085 1507 2386 1559 cuiusdam

359 1548 390 1582 ’
494 1614 521 1639 ,⁸
614 1578 1096 1662 Ingolstadienfis
1101 1578 1448 1640 Heroicum,
1482 1579 1642 1643 quod
1670 1594 1774 1643 per
1804 1578 2246 1630 Cancellarium
2275 1579 2384 1630 Ba-

179 1721 547 1774 WARTUM
568 1722 642 1774 ab
661 1691 1187 1773 HOHE'NBURG
1209 1721 1368 1786 (cum
1389 1737 1510 1786 quo
1530 1722 1677 1773 mihi
1699 1722 2067 1781 creberrima,
2090 1721 2164 1772 ob
2185 1721 2384 1781 studia,

182 1793 395 1858 quibus
409 1793 668 1857 impense
683 1792 952 1853 afficitur,
971 1791 1415 1853 Mathematica‚
1434 1793 1737 1845 intercedit
1752 1809 1857 1857 per
1870 1793 2067 1844 literas
2082 1792 2384 1844 familiari-

180 1864 292 1928 tas)
314 1864 581 1916 hesterna
600 1864 841 1928 vespera
861 1863 1191 1915 Monachio
1212 1867 1435 1928 accepi:
1462 1864 1556 1916 Tu
1581 1864 1723 1929 lege,
1752 1864 1979 1928 dispice,
2008 1863 2302 1928 cognosce,
2331 1869 2386 1915 et

86 1952 133 1987 20
181 1935 421 2000 loquela
440 1941 801 2000 recuperata,
824 1934 943 1987 alio
963 1951 1174 2000 genere
1195 1935 1419 2000 supple;
1441 1938 1503 1987 ni
1520 1942 1750 1987 mature
1767 1938 2051 1999 parueris,
2074 1934 2309 1986 Iambos
2323 1936 2386 1985 in

180 2014 236 2059 te
257 2006 518 2068 vibrab0,
544 2013 599 2058 et
619 2023 692 2058 ex
711 2013 877 2058 muto
898 2006 1190 2071 surdoque
1212 2022 1454 2066 caecum,
1481 2010 1602 2058 imo
1626 2013 1900 2058 truncum
1921 2013 1975 2058 te
1996 2006 2256 2065 reddam,
2284 2012 2386 2057 aut

181 2081 245 2130 in
276 2078 483 2131 saxum
515 2085 872 2138 convertam,
905 2085 1194 2142 tanquam
1226 2078 1372 2130 alter
1403 2078 1739 2131 PERSEUS
1773 2080 1959 2142 capite
1991 2078 2298 2142 Gorgonio
2330 2083 2385 2128 te

181 2157 402 2214 petens.
442 2149 556 2202 Sed
587 2153 750 2214 prius
784 2149 1067 2202 Caducaei
1099 2149 1270 2201 usum
1300 2150 1403 2201 tibi
1435 2149 1713 2210 adimam,
1751 2156 1806 2201 et
1836 2164 1941 2213 per
1972 2148 2385 2200 MELISSUM

182 2228 352 2273 tuum
378 2220 685 2286 degradari
710 2221 942 2281 faciam,
970 2220 1119 2273 alias
1146 2223 1305 2273 enim
1331 2220 1498 2273 nefas
1524 2220 1688 2280 foret,
1715 2220 1906 2273 sacros
1926 2227 2089 2272 vates
2114 2220 2385 2284 castigare

88 2309 133 2343 25
184 2299 239 2344 et
258 2295 467 2344 merita
486 2307 670 2357 poena
689 2291 940 2344 afficere.
963 2287 984 2360 ΙΙ

57 2407 134 2450 141
148 2417 168 2435 v
405 2399 612 2465 Tuque
634 2400 792 2461 Vale,
815 2401 879 2452 61
898 2401 1182 2452 tenerum
1204 2413 1346 2451 cum
1366 2401 1568 2451 matre
1597 2399 1812 2451 Valere
1832 2398 2187 2451 columbum

466 2468 684 2532 Effice,
699 2467 783 2536 Jic
804 2469 984 2523 Vobis
997 2470 1267 2537 pullulet
1285 2470 1452 2522 alma
1473 2470 1710 2531 domus,

405 2540 942 2608 TYCHONISque
961 2555 1216 2603 memor,
1241 2543 1425 2594 Vates
1446 2540 1554 2607 qui
1561 2539 1830 2607 suspicit,
1854 2537 1988 2605 esto,

470 2611 662 2679 Sique
684 2614 879 2675 voleS,
902 2626 1159 2665 carmen
1179 2627 1306 2665 non
1327 2612 1519 2665 breve
1538 2611 1714 2665 mitte
1735 2610 1928 2664 brevi.

90 2735 136 2770 30
256 2718 746 2783 Deproperabam
766 2720 953 2784 Praga
979 2719 1072 2771 die
1099 2719 1169 2770 20
1194 2718 1514 2783 Septembr.
1535 2718 1676 2784 Rylo
1700 2718 2018 2770 reformato
2038 2719 2220 2768 Anno
2241 2716 2384 2768 1600.

2098 3437 2166 3503 [E
2187 3438 2385 3490 codice
