2638 3970
280 315 383 367 352
812 311 1247 363 EPISTOLAE
1273 312 1943 365 ASTRONOMICAE

280 458 436 507 Licet
458 457 698 505 enimin
719 456 943 504 novitio
963 460 1066 505 tuo
1088 454 1331 514 calcu10,
1359 454 1677 518 praesertim
1703 454 1778 506 ad
1804 457 2062 517 primum
2087 460 2319 518 tempus
2339 470 2474 506 con-

279 525 591 578 iunctionis
617 529 652 583 ῼ
678 531 732 575 et
760 526 814 585 ζῖ,
842 524 1165 576 latitudinis
1186 525 1481 577 diverfitas
1501 541 1624 577 non
1643 532 1807 577 tanta
1826 525 1904 585 fit,
1933 532 2156 589 quanta
2182 532 2357 577 antea
2376 526 2475 578 ad-

278 598 435 648 missa
462 596 536 646 est
564 596 780 659 (neque
808 599 967 647 enim
993 595 1090 648 hic
1117 596 1427 648 dimidium
1452 597 1699 661 gradum
1726 598 1965 660 attingit,
1994 611 2172 659 quem
2192 595 2475 648 PTOLO-

279 667 528 719 MAEUS
557 682 682 717 non
710 666 935 731 semper
963 666 1076 718 hac
1103 669 1165 718 in
1189 674 1353 730 parte
1383 668 1661 719 assecutus
1692 667 1781 726 est,
1813 666 2035 718 nedum
2065 669 2191 718 eius
2219 669 2477 719 imitator

279 737 801 800 COPERNICUS)
824 745 1085 789 attamen
1106 739 1644 802 quomodocunque
1665 741 2098 802 coniungantur
2116 742 2153 797 9
2172 744 2226 789 et
2248 739 2280 799 ΕΣ
2300 740 2476 790 etiam
2526 754 2548 789 ⁵

278 813 339 861 in
366 808 487 873 ipso
514 809 894 873 longitudinis
922 815 978 860 et
1002 809 1325 861 latitudinis
1351 812 1598 868 minut0,
1629 809 1758 860 haec
1786 808 1860 860 ab
1886 809 2024 873 ips0,
2056 816 2119 860 ut
2147 808 2323 872 plane
2352 824 2478 861 non

278 885 575 945 appareat,
612 879 906 932 obscurari
942 883 1162 944 nequit,
1198 896 1334 932 cum
1370 897 1559 932 unum
1590 880 1950 931 luminosum
1983 895 2194 944 corpus
2226 879 2478 932 alterum

278 967 401 1003 non
431 950 700 1012 obfuscet,
734 966 843 1002 nec
871 951 1106 1002 visibilis
1136 952 1419 1003 diameter
1447 949 1514 1012 §ii
1546 958 1709 1003 tanta
1740 951 1830 1012 est,
1861 958 1924 1002 ut
1952 951 2011 1002 id
2042 950 2272 1002 efficere
2300 952 2476 1015 possit,

279 1022 783 1087 quemadmodum
812 1025 934 1074 iam
963 1023 1189 1074 dudum
1218 1025 1442 1074 monui.
1475 1023 1535 1074 Si
1563 1025 1762 1086 itaque
1790 1026 1931 1074 citra
1957 1023 2272 1074 Poetarum
2299 1022 2476 1074 Privi-

277 1094 429 1159 legia
459 1094 639 1146 Poeta
669 1096 718 1145 is
750 1094 1041 1145 veridicus
1075 1093 1165 1153 est,
1200 1094 1544 1145 crediderim
1575 1096 1770 1157 potius
1803 1098 1839 1152 ῼ
1874 1094 1947 1145 ob
1982 1093 2389 1145 exhalationes
2422 1100 2477 1145 et
2530 1109 2572 1144 10

277 1172 539 1217 meteora
560 1165 838 1229 quaedam
858 1165 1110 1216 candida
1129 1168 1370 1229 aerique
1385 1164 1655 1216 fimilima
1670 1165 2003 1216 obvelatam
2019 1164 2309 1224 delituisse,
2330 1179 2476 1228 prae-

277 1237 470 1288 sertim
484 1252 619 1288 cum
633 1236 666 1288 8
680 1236 881 1288 saltem
895 1236 1169 1300 gradibus
1185 1252 1220 1287 a
1239 1238 1297 1296 Θ
1316 1236 1702 1300 elongaretur,
1721 1236 1973 1299 ideoque
1991 1236 2170 1300 radijs
2189 1238 2316 1287 eius
2334 1251 2476 1300 quo-

279 1308 598 1360 dammodo
619 1307 895 1366 obnoxia,
916 1307 1224 1371 minusque
1240 1307 1314 1358 ob
1330 1308 1485 1358 diem
1500 1306 1928 1358 illucescentem
1943 1306 2275 1370 conspicua;
2296 1306 2391 1358 sed
2405 1306 2478 1358 de

277 1379 370 1431 his
389 1386 510 1431 tute
531 1377 741 1431 rectius
763 1379 1040 1443 dispicieS.
1063 1378 1300 1430 Addam
1315 1377 1733 1430 SCALIGERI
1750 1377 1947 1428 literas
1964 1376 2257 1428 nonnulla
2276 1380 2340 1428 in
2359 1376 2477 1429 fine

278 1451 349 1502 de
370 1450 484 1502 hoc
504 1450 625 1514 ipso
647 1452 881 1515 negotio
902 1452 1284 1509 continenteS,
1306 1449 1346 1499 fi
1368 1448 1706 1512 exemplum
1726 1448 1858 1499 satis
1880 1450 1992 1499 cito
2014 1448 2340 1500 obtinuero,
2531 1464 2574 1499 15

349 1522 480 1573 Fuit
509 1521 667 1585 apud
696 1537 792 1572 me
822 1521 1119 1572 Benaticae
1148 1536 1286 1571 vere
1315 1522 1609 1583 praeterito
1637 1520 1722 1570 M.
1749 1519 2172 1571 IOHANNES
2198 1514 2477 1571 KOPLE-

279 1593 444 1653 RUS,
471 1592 706 1657 infignis
733 1592 891 1655 apud
916 1591 1207 1656 Styriacos
1228 1590 1706 1650 MathematicuS,
1735 1605 1871 1641 cum
1897 1605 2016 1653 quo
2043 1590 2146 1642 tibi
2172 1593 2349 1642 etiam
2375 1605 2480 1655 per

278 1664 474 1715 literas
500 1663 959 1715 familiaritatem
987 1662 1345 1713 intercedere
1373 1662 1446 1713 ab
1473 1661 1595 1725 ipso
1622 1663 1887 1725 cognovi.
1919 1661 2133 1712 Retulit
2158 1676 2300 1712 vero
2329 1663 2480 1713 inter

278 1734 397 1786 alia
415 1735 470 1786 se
492 1734 815 1798 aliquando
835 1733 1129 1784 nonnulla
1145 1733 1247 1784 tibi
1264 1732 1539 1796 scripfisse,
1561 1732 1633 1783 de
1652 1731 2089 1797 Hypothefibus
2103 1734 2251 1783 meis
2266 1735 2328 1784 in
2343 1747 2478 1784 con-

277 1805 615 1857 troverfiam
635 1808 874 1863 vocatiS,
902 1811 1079 1868 atque
1106 1804 1265 1868 quod
1289 1819 1376 1855 eae
1401 1819 1508 1855 nec
1532 1806 1595 1854 in
1616 1803 2090 1864 COPERNICO,
2118 1819 2226 1855 nec
2245 1803 2477 1856 APOL-
2528 1818 2575 1854 20

278 1876 529 1928 LONIO
551 1875 909 1934 PERGAEO,
932 1881 995 1926 ut
1010 1875 1253 1938 quidam
1274 1874 1418 1938 (iam
1432 1881 1567 1926 ante
1583 1875 1639 1925 14
1655 1874 1777 1926 dies
1791 1869 2133 1942 mor-muns)
2153 1875 2478 1939 praetendit,
2498 1882 2604 1925 149r

277 1950 698 2006 invenirentur,
721 1946 1027 2006 ostendisse,
1050 1952 1225 2010 atque
1245 1948 1413 1997 certis
1427 1946 1657 2010 indicijS
1671 1961 1795 1997 non
1809 1945 2066 2005 alteriuS,
2087 1945 2182 1997 sed
2195 1961 2360 1998 meas
2375 1946 2478 1997 esse

278 2018 569 2083 collegisse.
593 2018 754 2082 Rogo
775 2020 973 2082 itaque
990 2023 1382 2081 peramanter,
1403 2017 1549 2068 velis
1566 2032 1665 2069 eas
1680 2011 2014 2068 KOPLERI
2031 2017 2229 2068 literas
2243 2032 2479 2069 mecum
2527 2026 2557 2070 ·1·

278 2089 694 2153 aliquantisper
721 2091 1177 2149 communicare,
1206 2094 1307 2139 aut
1332 2088 1535 2140 saltem
1556 2103 1628 2139 ea
1646 2087 1842 2147 verba,
1871 2103 2006 2151 quae
2032 2087 2146 2139 hoc
2167 2090 2480 2153 negocium

278 2167 655 2220 concernunt,
682 2160 819 2212 inde
845 2161 1222 2224 transsumpta
1249 2166 1302 2211 et
1328 2166 1447 2211 tuae
1470 2174 1686 2211 manus
1706 2159 2117 2223 subscriptione
2138 2161 2201 2210 in
2219 2161 2478 2211 veritatis
2528 2175 2574 2210 2⁵

276 2232 671 2283 testimonium
691 2231 977 2283 ratificata
995 2231 1394 2290 transmittere,
1416 2231 1593 2294 idque
1614 2245 1718 2294 per
1737 2233 1991 2294 primam
2010 2229 2237 2282 Postam
2257 2245 2294 2281 a
2312 2229 2480 2282 vobis

278 2303 394 2354 huc
415 2303 775 2362 redeuntem,
798 2308 852 2353 et
866 2303 1080 2367 Agenti
1102 2302 1209 2365 (uti
1229 2302 1464 2364 vocant)
1480 2302 1764 2366 Principis
1778 2301 1944 2353 vestri
1961 2302 2036 2361 id,
2060 2300 2337 2366 quicquid
2357 2304 2479 2362 erit,

278 2373 426 2425 mihi
454 2373 807 2425 tradendum
836 2376 1214 2424 committere.
1246 2373 1474 2424 Feceris
1503 2372 1651 2423 mihi
1679 2373 1752 2423 fic
1781 2388 1908 2423 rem
1936 2375 2202 2437 apprime
2227 2378 2478 2437 gratam;

278 2445 562 2495 incumbit
589 2447 748 2495 enim
775 2460 933 2495 nunc
958 2443 1231 2507 aliqualis
1258 2444 1567 2504 necessitaS,
1595 2459 1699 2495 cur
1724 2443 1797 2495 fic
1823 2442 1951 2494 fieri
1978 2458 2233 2504 averem,
2262 2444 2333 2495 de
2360 2458 2480 2507 qua

279 2515 426 2567 alias
447 2515 722 2566 rescisces.
2528 2529 2575 2565 3ο

350 2586 630 2637 Invitarat
656 2601 845 2649 nuper
869 2586 1215 2637 Serenissimi
1235 2586 1517 2649 Principis
1537 2585 1703 2636 vestri
1725 2585 1975 2649 Legatus
2000 2599 2097 2635 me
2124 2584 2199 2636 ad
2226 2599 2478 2645 coenam,

280 2673 316 2708 a
336 2673 455 2721 quo
476 2656 882 2708 humanissime
905 2663 959 2707 et
978 2656 1279 2708 lautissime
1302 2662 1577 2720 exceptus
1596 2656 1698 2715 fui,
1727 2662 1781 2707 et
1808 2655 2010 2707 crebra
2029 2658 2130 2715 tui,
2161 2671 2350 2719 eaque
2371 2655 2480 2719 (uti

279 2727 493 2791 decuit)
521 2727 852 2779 honorifica
877 2725 1029 2779 fac'ta
1055 2727 1130 2779 est
1155 2729 1306 2778 inter
1332 2742 1441 2778 nos
1468 2730 1708 2778 mentio,
1740 2726 2201 2790 Quamprimum
2229 2742 2315 2787 ea,
2344 2742 2480 2791 quae

279 2815 438 2850 nunc
458 2815 565 2863 pro
587 2798 820 2851 Caesare
843 2798 1099 2857 elabor0,
1126 2804 1334 2862 parata
1352 2797 1584 2858 fuerint,
1613 2804 1675 2849 ut
1700 2798 1937 2849 liberior
1958 2798 2061 2849 esse
2082 2813 2315 2861 queam,
2344 2813 2479 2849 con-

278 2870 428 2921 stitui
457 2870 626 2922 illum
655 2871 889 2921 vicissim
919 2870 994 2921 ad
1023 2885 1119 2920 me
1152 2872 1417 2929 invitare,
1451 2869 1735 2933 liquidem
1765 2869 1925 2933 quod
1954 2869 2233 2920 accessum
2265 2884 2388 2920 non
2417 2867 2480 2920 fit
2527 2884 2574 2919 35

280 2939 715 3001 detrectaturuS,
743 2944 864 2992 iam
889 2941 1139 3005 benigne
1166 2940 1314 2991 mihi
1340 2940 1642 2992 addixerit.
1670 2939 1837 2991 Tunc
1864 2939 2097 3004 plenius
2123 2940 2195 2991 de
2221 2946 2276 2991 te
2303 2939 2478 2991 collo-

280 3028 547 3076 quemur,
571 3019 624 3063 et
644 3011 937 3063 nonnulla
958 3027 1029 3062 ex
1049 3014 1137 3076 ijs,
1161 3027 1295 3075 quae
1316 3014 1466 3062 inter
1482 3027 1593 3063 nos
1610 3014 1831 3062 mutuis
1846 3011 2026 3062 literis
2040 3010 2321 3062 ventilata
2333 3010 2478 3071 sunt,

279 3083 381 3147 ipfi
414 3083 729 3143 ostendam,
764 3085 886 3134 una
918 3098 1053 3134 cum
1086 3082 1484 3133 Instrumentis
1515 3082 1862 3147 quibusdam
1893 3098 1923 3133 e
1953 3084 2117 3141 meiS,
2153 3096 2287 3145 quae
2320 3096 2479 3132 nunc

279 3157 492 3218 partim
507 3155 806 3214 Benatica,
825 3153 1058 3206 Caesare
1079 3153 1151 3205 fic
1166 3153 1416 3214 volente,
1438 3153 1555 3205 huc
1576 3153 1755 3205 allata
1774 3153 1919 3213 sunt,
1940 3155 2154 3217 partim
2170 3152 2277 3215 (uti
2290 3151 2478 3217 spero)

279 3225 441 3276 brevi
462 3226 705 3285 aderint,
728 3232 790 3276 ut
811 3225 882 3276 de
903 3227 974 3290 ijs
996 3225 1241 3276 domum
1261 3224 1523 3275 reversus
1545 3225 1620 3276 ad
1640 3232 1694 3275 te
1716 3223 1948 3275 referat:
1978 3226 2249 3287 quamvis
2274 3223 2477 3287 potissi-
2527 3238 2575 3273 40

279 3311 380 3346 ma
401 3311 607 3346 eorum
627 3312 778 3359 pars,
801 3298 924 3347 una
938 3311 1074 3347 cum
1088 3295 1318 3358 reliqua
1331 3310 1466 3346 mea
1479 3294 1868 3359 suppellectile
1885 3294 2078 3346 adhuc
2093 3294 2480 3358 Magdeburgi

281 3366 624 3426 detineatur,
654 3367 976 3431 sumptibus
997 3374 1197 3418 tamen
1218 3366 1544 3417 Reverendi
1566 3369 1691 3417 eius
1711 3366 1824 3417 loci
1847 3365 2122 3428 Capituli,
2147 3368 2210 3415 in
2232 3367 2479 3485 griatiam

2190 3434 2296 3486 Cae
2322 3449 2478 3486 areae
