<?xml version="1.0" encoding="UTF-8"?>
<!DOCTYPE html PUBLIC "-//W3C//DTD XHTML 1.0 Transitional//EN"
    "http://www.w3.org/TR/xhtml1/DTD/xhtml1-transitional.dtd">
<html xmlns="http://www.w3.org/1999/xhtml" xml:lang="en" lang="en">
 <head>
  <title>
</title>
<meta http-equiv="Content-Type" content="text/html;charset=utf-8" />
  <meta name='ocr-system' content='tesseract 3.04.00' />
  <meta name='ocr-capabilities' content='ocr_page ocr_carea ocr_par ocr_line ocrx_word'/>
</head>
<body>
  <div class='ocr_page' id='page_1' title='image "./operaomniaedidit08brahuoft/operaomniaedidit08brahuoft_0198.png"; bbox 0 0 2652 4022; ppageno 0'>
   <div class='ocr_carea' id='block_1_1' title="bbox 287 300 1954 356">
    <p class='ocr_par' dir='ltr' id='par_1_1' title="bbox 287 300 1954 356">
     <span class='ocr_line' id='line_1_1' title="bbox 287 300 1954 356; baseline -0.001 -2"><span class='ocrx_word' id='word_1_1' title='bbox 287 304 379 356; x_wconf 81' lang='lat'>184</span> <span class='ocrx_word' id='word_1_2' title='bbox 820 300 1257 353; x_wconf 90' lang='lat' dir='ltr'>EPISTOLAE</span> <span class='ocrx_word' id='word_1_3' title='bbox 1283 300 1954 354; x_wconf 90' lang='lat' dir='ltr'><strong>ASTRONOMICAE</strong></span> 
     </span>
    </p>
   </div>
   <div class='ocr_carea' id='block_1_2' title="bbox 285 442 2488 722">
    <p class='ocr_par' dir='ltr' id='par_1_2' title="bbox 285 442 2488 722">
     <span class='ocr_line' id='line_1_2' title="bbox 285 442 2488 508; baseline -0.001 -11"><span class='ocrx_word' id='word_1_4' title='bbox 285 445 415 506; x_wconf 91' lang='lat' dir='ltr'>scia,</span> <span class='ocrx_word' id='word_1_5' title='bbox 447 451 502 496; x_wconf 92' lang='lat' dir='ltr'>et</span> <span class='ocrx_word' id='word_1_6' title='bbox 531 444 689 508; x_wconf 92' lang='lat' dir='ltr'>quod</span> <span class='ocrx_word' id='word_1_7' title='bbox 715 443 888 495; x_wconf 92' lang='lat' dir='ltr'>iustas</span> <span class='ocrx_word' id='word_1_8' title='bbox 914 458 1126 508; x_wconf 86' lang='lat' dir='ltr'>poenas</span> <span class='ocrx_word' id='word_1_9' title='bbox 1151 458 1255 508; x_wconf 93' lang='lat' dir='ltr'>per</span> <span class='ocrx_word' id='word_1_10' title='bbox 1280 443 1437 508; x_wconf 88' lang='lat' dir='ltr'>leges</span> <span class='ocrx_word' id='word_1_11' title='bbox 1461 443 1818 505; x_wconf 87' lang='lat' dir='ltr'><strong>formidaret,</strong></span> <span class='ocrx_word' id='word_1_12' title='bbox 1845 443 1959 495; x_wconf 89' lang='lat' dir='ltr'>five</span> <span class='ocrx_word' id='word_1_13' title='bbox 1987 443 2146 508; x_wconf 91' lang='lat' dir='ltr'>quod</span> <span class='ocrx_word' id='word_1_14' title='bbox 2173 442 2335 495; x_wconf 91' lang='lat' dir='ltr'>aliud</span> <span class='ocrx_word' id='word_1_15' title='bbox 2360 442 2488 495; x_wconf 89' lang='lat' dir='ltr'>finu</span> 
     </span>
     <span class='ocr_line' id='line_1_3' title="bbox 285 513 2486 581; baseline -0.001 -13"><span class='ocrx_word' id='word_1_16' title='bbox 285 516 389 568; x_wconf 91' lang='lat' dir='ltr'>suo</span> <span class='ocrx_word' id='word_1_17' title='bbox 403 516 664 574; x_wconf 88' lang='lat' dir='ltr'>latenter,</span> <span class='ocrx_word' id='word_1_18' title='bbox 685 530 852 566; x_wconf 92' lang='lat' dir='ltr'>more</span> <span class='ocrx_word' id='word_1_19' title='bbox 865 513 985 575; x_wconf 92' lang='lat' dir='ltr'>su0‚</span> <span class='ocrx_word' id='word_1_20' title='bbox 1007 517 1332 567; x_wconf 84' lang='lat' dir='ltr'>ruminanS.</span> <span class='ocrx_word' id='word_1_21' title='bbox 1355 514 1468 567; x_wconf 90' lang='lat' dir='ltr'>Sed</span> <span class='ocrx_word' id='word_1_22' title='bbox 1482 514 1881 581; x_wconf 89' lang='lat' dir='ltr'>investiganda</span> <span class='ocrx_word' id='word_1_23' title='bbox 1893 521 2094 567; x_wconf 91' lang='lat' dir='ltr'>tamen</span> <span class='ocrx_word' id='word_1_24' title='bbox 2106 514 2210 566; x_wconf 94' lang='lat' dir='ltr'>suo</span> <span class='ocrx_word' id='word_1_25' title='bbox 2223 521 2486 579; x_wconf 92' lang='lat' dir='ltr'>tempore</span> 
     </span>
     <span class='ocr_line' id='line_1_4' title="bbox 286 585 2488 652; baseline -0 -13"><span class='ocrx_word' id='word_1_26' title='bbox 286 602 389 652; x_wconf 95' lang='lat' dir='ltr'>per</span> <span class='ocrx_word' id='word_1_27' title='bbox 416 589 603 638; x_wconf 93' lang='lat' dir='ltr'>otium</span> <span class='ocrx_word' id='word_1_28' title='bbox 628 593 805 650; x_wconf 91' lang='lat' dir='ltr'>atque</span> <span class='ocrx_word' id='word_1_29' title='bbox 831 588 894 637; x_wconf 92' lang='lat' dir='ltr'>in</span> <span class='ocrx_word' id='word_1_30' title='bbox 920 588 1012 637; x_wconf 93' lang='lat' dir='ltr'>ius</span> <span class='ocrx_word' id='word_1_31' title='bbox 1038 585 1439 650; x_wconf 92' lang='lat' dir='ltr'>protrahenda</span> <span class='ocrx_word' id='word_1_32' title='bbox 1465 592 1520 638; x_wconf 92' lang='lat' dir='ltr'>et</span> <span class='ocrx_word' id='word_1_33' title='bbox 1544 586 1864 650; x_wconf 90' lang='lat' dir='ltr'>punienda,</span> <span class='ocrx_word' id='word_1_34' title='bbox 1892 586 2052 650; x_wconf 93' lang='lat' dir='ltr'>quod</span> <span class='ocrx_word' id='word_1_35' title='bbox 2079 588 2258 638; x_wconf 89' lang='lat' dir='ltr'>etiam</span> <span class='ocrx_word' id='word_1_36' title='bbox 2281 588 2488 650; x_wconf 90' lang='lat' dir='ltr'>optimi</span> 
     </span>
     <span class='ocr_line' id='line_1_5' title="bbox 286 657 2486 722; baseline 0 -14"><span class='ocrx_word' id='word_1_37' title='bbox 286 661 505 722; x_wconf 92' lang='lat' dir='ltr'>quique</span> <span class='ocrx_word' id='word_1_38' title='bbox 526 658 727 721; x_wconf 86' lang='lat' dir='ltr'><strong>Pragae</strong></span> <span class='ocrx_word' id='word_1_39' title='bbox 747 657 1006 709; x_wconf 83' lang='lat' dir='ltr'><strong>suadent.</strong></span> <span class='ocrx_word' id='word_1_40' title='bbox 1028 657 1252 709; x_wconf 92' lang='lat' dir='ltr'>Verum</span> <span class='ocrx_word' id='word_1_41' title='bbox 1273 658 1343 710; x_wconf 93' lang='lat' dir='ltr'>de</span> <span class='ocrx_word' id='word_1_42' title='bbox 1363 657 1465 709; x_wconf 83' lang='lat' dir='ltr'>isto</span> <span class='ocrx_word' id='word_1_43' title='bbox 1486 658 1914 710; x_wconf 85' lang='lat' dir='ltr'><strong>calumniatore</strong></span> <span class='ocrx_word' id='word_1_44' title='bbox 1936 663 1990 709; x_wconf 92' lang='lat' dir='ltr'>et</span> <span class='ocrx_word' id='word_1_45' title='bbox 2010 660 2278 709; x_wconf 88' lang='lat' dir='ltr'>vitiatore</span> <span class='ocrx_word' id='word_1_46' title='bbox 2297 659 2486 721; x_wconf 92' lang='lat' dir='ltr'>impu-</span> 
     </span>
    </p>
   </div>
   <div class='ocr_carea' id='block_1_3' title="bbox 286 723 2589 796">
    <p class='ocr_par' dir='ltr' id='par_1_3' title="bbox 286 723 2589 796">
     <span class='ocr_line' id='line_1_6' title="bbox 286 723 2589 796; baseline 0 -17"><span class='ocrx_word' id='word_1_47' title='bbox 286 723 652 796; x_wconf 79' lang='lat' dir='ltr'>den-sstissimo</span> <span class='ocrx_word' id='word_1_48' title='bbox 673 728 770 779; x_wconf 82' lang='lat' dir='ltr'>hic</span> <span class='ocrx_word' id='word_1_49' title='bbox 790 728 939 780; x_wconf 82' lang='lat' dir='ltr'>satiS.</span> <span class='ocrx_word' id='word_1_50' title='bbox 962 728 1196 781; x_wconf 86' lang='lat' dir='ltr'>Caetera</span> <span class='ocrx_word' id='word_1_51' title='bbox 1211 728 1451 793; x_wconf 86' lang='lat' dir='ltr'>ipsemet</span> <span class='ocrx_word' id='word_1_52' title='bbox 1467 729 1626 793; x_wconf 94' lang='lat' dir='ltr'>apud</span> <span class='ocrx_word' id='word_1_53' title='bbox 1643 729 1899 781; x_wconf 92' lang='lat' dir='ltr'>iudicem</span> <span class='ocrx_word' id='word_1_54' title='bbox 1916 731 2263 793; x_wconf 87' lang='lat' dir='ltr'>experietur.</span> <span class='ocrx_word' id='word_1_55' title='bbox 2285 727 2486 789; x_wconf 84' lang='lat' dir='ltr'>Restat,</span> <span class='ocrx_word' id='word_1_56' title='bbox 2567 751 2589 769; x_wconf 84' lang='lat' dir='ltr'>v</span> 
     </span>
    </p>
   </div>
   <div class='ocr_carea' id='block_1_4' title="bbox 284 798 2490 1366">
    <p class='ocr_par' dir='ltr' id='par_1_4' title="bbox 284 798 2490 1366">
     <span class='ocr_line' id='line_1_7' title="bbox 285 798 2488 865; baseline 0 -14"><span class='ocrx_word' id='word_1_57' title='bbox 285 806 349 851; x_wconf 90' lang='lat' dir='ltr'>ut</span> <span class='ocrx_word' id='word_1_58' title='bbox 367 798 650 851; x_wconf 89' lang='lat' dir='ltr'>scribendi</span> <span class='ocrx_word' id='word_1_59' title='bbox 670 798 854 851; x_wconf 91' lang='lat' dir='ltr'>finem</span> <span class='ocrx_word' id='word_1_60' title='bbox 872 799 1105 860; x_wconf 88' lang='lat' dir='ltr'>faciam,</span> <span class='ocrx_word' id='word_1_61' title='bbox 1133 815 1269 852; x_wconf 93' lang='lat' dir='ltr'>cum</span> <span class='ocrx_word' id='word_1_62' title='bbox 1295 800 1467 865; x_wconf 92' lang='lat' dir='ltr'>plura</span> <span class='ocrx_word' id='word_1_63' title='bbox 1492 816 1618 852; x_wconf 93' lang='lat' dir='ltr'>non</span> <span class='ocrx_word' id='word_1_64' title='bbox 1636 806 1819 861; x_wconf 91' lang='lat' dir='ltr'>vacet,</span> <span class='ocrx_word' id='word_1_65' title='bbox 1846 799 1973 851; x_wconf 93' lang='lat' dir='ltr'>sum</span> <span class='ocrx_word' id='word_1_66' title='bbox 1996 802 2157 852; x_wconf 91' lang='lat' dir='ltr'>enim</span> <span class='ocrx_word' id='word_1_67' title='bbox 2176 799 2488 852; x_wconf 82' lang='lat' dir='ltr'>scribendis</span> 
     </span>
     <span class='ocr_line' id='line_1_8' title="bbox 285 870 2490 936; baseline 0 -14"><span class='ocrx_word' id='word_1_68' title='bbox 285 886 408 922; x_wconf 94' lang='lat' dir='ltr'>non</span> <span class='ocrx_word' id='word_1_69' title='bbox 433 870 635 922; x_wconf 85' lang='lat' dir='ltr'>saltem</span> <span class='ocrx_word' id='word_1_70' title='bbox 661 873 723 922; x_wconf 93' lang='lat' dir='ltr'>in</span> <span class='ocrx_word' id='word_1_71' title='bbox 750 871 1014 923; x_wconf 92' lang='lat' dir='ltr'>Daniam</span> <span class='ocrx_word' id='word_1_72' title='bbox 1038 871 1134 924; x_wconf 93' lang='lat' dir='ltr'>sed</span> <span class='ocrx_word' id='word_1_73' title='bbox 1161 878 1216 923; x_wconf 90' lang='lat' dir='ltr'>et</span> <span class='ocrx_word' id='word_1_74' title='bbox 1244 871 1382 924; x_wconf 93' lang='lat' dir='ltr'>hinc</span> <span class='ocrx_word' id='word_1_75' title='bbox 1410 872 1548 924; x_wconf 92' lang='lat' dir='ltr'>inde</span> <span class='ocrx_word' id='word_1_76' title='bbox 1577 871 1653 923; x_wconf 94' lang='lat' dir='ltr'>ad</span> <span class='ocrx_word' id='word_1_77' title='bbox 1682 878 1855 923; x_wconf 92' lang='lat' dir='ltr'>notos</span> <span class='ocrx_word' id='word_1_78' title='bbox 1885 877 1940 923; x_wconf 92' lang='lat' dir='ltr'>et</span> <span class='ocrx_word' id='word_1_79' title='bbox 1969 874 2192 923; x_wconf 92' lang='lat' dir='ltr'>amicos</span> <span class='ocrx_word' id='word_1_80' title='bbox 2219 870 2490 936; x_wconf 90' lang='lat' dir='ltr'>plurimis</span> 
     </span>
     <span class='ocr_line' id='line_1_9' title="bbox 284 942 2488 1007; baseline 0 -14"><span class='ocrx_word' id='word_1_81' title='bbox 284 943 464 994; x_wconf 90' lang='lat' dir='ltr'>literis</span> <span class='ocrx_word' id='word_1_82' title='bbox 492 942 739 1006; x_wconf 86' lang='lat' dir='ltr'>(cumuli</span> <span class='ocrx_word' id='word_1_83' title='bbox 763 949 991 1006; x_wconf 89' lang='lat' dir='ltr'>partem</span> <span class='ocrx_word' id='word_1_84' title='bbox 1016 942 1307 995; x_wconf 79' lang='lat' dir='ltr'>residuam</span> <span class='ocrx_word' id='word_1_85' title='bbox 1326 942 1485 995; x_wconf 92' lang='lat' dir='ltr'>filius</span> <span class='ocrx_word' id='word_1_86' title='bbox 1506 942 1782 1006; x_wconf 86' lang='lat' dir='ltr'>ostendet)</span> <span class='ocrx_word' id='word_1_87' title='bbox 1805 958 1987 1007; x_wconf 92' lang='lat' dir='ltr'>quam</span> <span class='ocrx_word' id='word_1_88' title='bbox 2009 942 2488 1007; x_wconf 89' lang='lat' dir='ltr'>occupatissimus,</span> 
     </span>
     <span class='ocr_line' id='line_1_10' title="bbox 285 1013 2489 1078; baseline 0 -13"><span class='ocrx_word' id='word_1_89' title='bbox 285 1013 538 1078; x_wconf 91' lang='lat' dir='ltr'>ideoque</span> <span class='ocrx_word' id='word_1_90' title='bbox 569 1019 624 1066; x_wconf 88' lang='lat' dir='ltr'>et</span> <span class='ocrx_word' id='word_1_91' title='bbox 651 1013 781 1066; x_wconf 85' lang='lat' dir='ltr'>haec</span> <span class='ocrx_word' id='word_1_92' title='bbox 810 1013 1099 1066; x_wconf 87' lang='lat' dir='ltr'>festinanti</span> <span class='ocrx_word' id='word_1_93' title='bbox 1129 1014 1360 1067; x_wconf 91' lang='lat' dir='ltr'>calamo</span> <span class='ocrx_word' id='word_1_94' title='bbox 1387 1014 1462 1066; x_wconf 92' lang='lat' dir='ltr'>ad</span> <span class='ocrx_word' id='word_1_95' title='bbox 1488 1021 1543 1066; x_wconf 92' lang='lat' dir='ltr'>te</span> <span class='ocrx_word' id='word_1_96' title='bbox 1574 1020 1815 1066; x_wconf 87' lang='lat' dir='ltr'>exarata</span> <span class='ocrx_word' id='word_1_97' title='bbox 1843 1013 1985 1066; x_wconf 94' lang='lat' dir='ltr'>boni</span> <span class='ocrx_word' id='word_1_98' title='bbox 2015 1013 2284 1066; x_wconf 92' lang='lat' dir='ltr'>consulas</span> <span class='ocrx_word' id='word_1_99' title='bbox 2313 1019 2489 1078; x_wconf 91' lang='lat' dir='ltr'>atque</span> 
     </span>
     <span class='ocr_line' id='line_1_11' title="bbox 285 1084 2489 1151; baseline 0 -16"><span class='ocrx_word' id='word_1_100' title='bbox 285 1084 579 1150; x_wconf 87' lang='lat' dir='ltr'>defiderijs</span> <span class='ocrx_word' id='word_1_101' title='bbox 610 1085 815 1137; x_wconf 84' lang='lat' dir='ltr'>nostris</span> <span class='ocrx_word' id='word_1_102' title='bbox 847 1091 1069 1150; x_wconf 91' lang='lat' dir='ltr'>tuoque</span> <span class='ocrx_word' id='word_1_103' title='bbox 1100 1086 1415 1138; x_wconf 91' lang='lat' dir='ltr'>commodo</span> <span class='ocrx_word' id='word_1_104' title='bbox 1447 1101 1676 1137; x_wconf 92' lang='lat' dir='ltr'>morem</span> <span class='ocrx_word' id='word_1_105' title='bbox 1709 1101 1858 1151; x_wconf 89' lang='lat' dir='ltr'>gere.</span> <span class='ocrx_word' id='word_1_106' title='bbox 1890 1085 2129 1137; x_wconf 91' lang='lat' dir='ltr'>Videbis</span> <span class='ocrx_word' id='word_1_107' title='bbox 2161 1084 2259 1136; x_wconf 85' lang='lat' dir='ltr'>hic</span> <span class='ocrx_word' id='word_1_108' title='bbox 2290 1084 2489 1137; x_wconf 93' lang='lat' dir='ltr'>locum</span> 
     </span>
     <span class='ocr_line' id='line_1_12' title="bbox 286 1155 2489 1217; baseline 0 -10"><span class='ocrx_word' id='word_1_109' title='bbox 286 1157 754 1217; x_wconf 87' lang='lat' dir='ltr'>amoenissimum,</span> <span class='ocrx_word' id='word_1_110' title='bbox 775 1159 839 1208; x_wconf 93' lang='lat' dir='ltr'>in</span> <span class='ocrx_word' id='word_1_111' title='bbox 860 1157 1015 1209; x_wconf 92' lang='lat' dir='ltr'>edito</span> <span class='ocrx_word' id='word_1_112' title='bbox 1034 1162 1089 1209; x_wconf 94' lang='lat' dir='ltr'>et</span> <span class='ocrx_word' id='word_1_113' title='bbox 1105 1157 1487 1210; x_wconf 91' lang='lat' dir='ltr'>saluberrimo</span> <span class='ocrx_word' id='word_1_114' title='bbox 1508 1160 1644 1209; x_wconf 68' lang='lat' dir='ltr'>aere</span> <span class='ocrx_word' id='word_1_115' title='bbox 1664 1157 1849 1209; x_wconf 88' lang='lat' dir='ltr'>fitum.</span> <span class='ocrx_word' id='word_1_116' title='bbox 1865 1156 2028 1209; x_wconf 89' lang='lat' dir='ltr'>Vale.</span> <span class='ocrx_word' id='word_1_117' title='bbox 2051 1156 2365 1209; x_wconf 91' lang='lat' dir='ltr'>Dabantur</span> <span class='ocrx_word' id='word_1_118' title='bbox 2378 1155 2489 1208; x_wconf 91' lang='lat' dir='ltr'>Ve-</span> 
     </span>
     <span class='ocr_line' id='line_1_13' title="bbox 285 1226 2489 1293; baseline 0 -14"><span class='ocrx_word' id='word_1_119' title='bbox 285 1230 457 1293; x_wconf 89' lang='lat' dir='ltr'>netijs</span> <span class='ocrx_word' id='word_1_120' title='bbox 477 1227 900 1289; x_wconf 91' lang='lat' dir='ltr'>Bohemorum,</span> <span class='ocrx_word' id='word_1_121' title='bbox 927 1228 1000 1281; x_wconf 88' lang='lat' dir='ltr'>fic</span> <span class='ocrx_word' id='word_1_122' title='bbox 1028 1231 1188 1280; x_wconf 90' lang='lat' dir='ltr'>enim</span> <span class='ocrx_word' id='word_1_123' title='bbox 1213 1231 1363 1281; x_wconf 94' lang='lat' dir='ltr'>arcis</span> <span class='ocrx_word' id='word_1_124' title='bbox 1389 1228 1568 1280; x_wconf 94' lang='lat' dir='ltr'>huius</span> <span class='ocrx_word' id='word_1_125' title='bbox 1588 1244 1811 1280; x_wconf 90' lang='lat' dir='ltr'>nomen</span> <span class='ocrx_word' id='word_1_126' title='bbox 1830 1227 2152 1280; x_wconf 92' lang='lat' dir='ltr'>vernacula</span> <span class='ocrx_word' id='word_1_127' title='bbox 2174 1230 2359 1293; x_wconf 87' lang='lat' dir='ltr'>gentis</span> <span class='ocrx_word' id='word_1_128' title='bbox 2381 1226 2489 1279; x_wconf 93' lang='lat' dir='ltr'>lin-</span> 
     </span>
     <span class='ocr_line' id='line_1_14' title="bbox 285 1298 1978 1366; baseline 0 -15"><span class='ocrx_word' id='word_1_129' title='bbox 285 1314 401 1364; x_wconf 88' lang='lat' dir='ltr'>gua</span> <span class='ocrx_word' id='word_1_130' title='bbox 419 1301 849 1364; x_wconf 89' lang='lat' dir='ltr'>interpretatur,</span> <span class='ocrx_word' id='word_1_131' title='bbox 871 1299 993 1365; x_wconf 92' lang='lat' dir='ltr'>ipso</span> <span class='ocrx_word' id='word_1_132' title='bbox 1014 1300 1107 1352; x_wconf 89' lang='lat' dir='ltr'>die</span> <span class='ocrx_word' id='word_1_133' title='bbox 1127 1298 1485 1366; x_wconf 69' lang='lat' dir='ltr'>AEquinodtij</span> <span class='ocrx_word' id='word_1_134' title='bbox 1510 1299 1874 1352; x_wconf 90' lang='lat' dir='ltr'>autumnalis</span> <span class='ocrx_word' id='word_1_135' title='bbox 1893 1300 1978 1351; x_wconf 84' lang='lat'>99.</span> 
     </span>
    </p>
   </div>
   <div class='ocr_carea' id='block_1_5' title="bbox 1579 1382 2348 1590">
    <p class='ocr_par' dir='ltr' id='par_1_5' title="bbox 1579 1382 2348 1590">
     <span class='ocr_line' id='line_1_15' title="bbox 1579 1382 1991 1435; baseline -0.002 0"><span class='ocrx_word' id='word_1_136' title='bbox 1579 1382 1693 1435; x_wconf 93' lang='lat' dir='ltr'>Tui</span> <span class='ocrx_word' id='word_1_137' title='bbox 1714 1383 1991 1435; x_wconf 86' lang='lat' dir='ltr'>amantiss.</span> 
     </span>
     <span class='ocr_line' id='line_1_16' title="bbox 1834 1453 2348 1537; baseline -0.002 -32"><span class='ocrx_word' id='word_1_138' title='bbox 1834 1453 2074 1506; x_wconf 90' lang='lat' dir='ltr'>TYCHO</span> <span class='ocrx_word' id='word_1_139' title='bbox 2102 1454 2348 1537; x_wconf 75' lang='grc' dir='ltr'><strong>ΒΚΑῌΕ,</strong></span> 
     </span>
     <span class='ocr_line' id='line_1_17' title="bbox 1860 1540 2322 1590; baseline 0 -14"><span class='ocrx_word' id='word_1_140' title='bbox 1860 1540 2048 1577; x_wconf 89' lang='lat' dir='ltr'>manu</span> <span class='ocrx_word' id='word_1_141' title='bbox 2067 1540 2322 1590; x_wconf 83' lang='lat' dir='ltr'>propria.</span> 
     </span>
    </p>
   </div>
   <div class='ocr_carea' id='block_1_6' title="bbox 289 1664 1857 1712">
    <p class='ocr_par' dir='ltr' id='par_1_6' title="bbox 289 1664 1857 1712">
     <span class='ocr_line' id='line_1_18' title="bbox 289 1664 1857 1712; baseline -0.001 -10"><span class='ocrx_word' id='word_1_142' title='bbox 289 1666 362 1711; x_wconf 89' lang='lat' dir='ltr'>[Ex</span> <span class='ocrx_word' id='word_1_143' title='bbox 384 1667 627 1712; x_wconf 82' lang='lat' dir='ltr'>apographo</span> <span class='ocrx_word' id='word_1_144' title='bbox 647 1666 691 1702; x_wconf 91' lang='lat' dir='ltr'>in</span> <span class='ocrx_word' id='word_1_145' title='bbox 711 1665 893 1703; x_wconf 84' lang='lat' dir='ltr'>Archivo</span> <span class='ocrx_word' id='word_1_146' title='bbox 914 1665 1045 1711; x_wconf 87' lang='lat' dir='ltr'>Regni</span> <span class='ocrx_word' id='word_1_147' title='bbox 1066 1665 1233 1702; x_wconf 84' lang='lat' dir='ltr'>Daniae:</span> <span class='ocrx_word' id='word_1_148' title='bbox 1257 1665 1564 1711; x_wconf 87' lang='lat' dir='ltr'>Diplomatario</span> <span class='ocrx_word' id='word_1_149' title='bbox 1585 1664 1857 1711; x_wconf 86' lang='lat' dir='ltr'>Langebekii]</span> 
     </span>
    </p>
   </div>
   <div class='ocr_carea' id='block_1_7' title="bbox 547 1747 2229 1827">
    <p class='ocr_par' dir='ltr' id='par_1_7' title="bbox 547 1747 2229 1827">
     <span class='ocr_line' id='line_1_19' title="bbox 547 1747 2229 1827; baseline 0 -1"><span class='ocrx_word' id='word_1_150' title='bbox 547 1752 944 1827; x_wconf 92' lang='lat' dir='ltr'>TYCHO</span> <span class='ocrx_word' id='word_1_151' title='bbox 990 1753 1372 1826; x_wconf 91' lang='lat' dir='ltr'>BRAHE</span> <span class='ocrx_word' id='word_1_152' title='bbox 1412 1747 1575 1826; x_wconf 93' lang='lat' dir='ltr'>AD</span> <span class='ocrx_word' id='word_1_153' title='bbox 1620 1753 2229 1826; x_wconf 89' lang='lat' dir='ltr'><strong>DANIELEM</strong></span> 
     </span>
    </p>
   </div>
   <div class='ocr_carea' id='block_1_8' title="bbox 1148 1857 1631 1981">
    <p class='ocr_par' dir='ltr' id='par_1_8' title="bbox 1148 1857 1631 1981">
     <span class='ocr_line' id='line_1_20' title="bbox 1148 1857 1631 1981; baseline 0 -72"><span class='ocrx_word' id='word_1_154' title='bbox 1148 1857 1631 1981; x_wconf 78' lang='lat' dir='ltr'><strong>CRAMSERUM.</strong></span> 
     </span>
    </p>
   </div>
   <div class='ocr_carea' id='block_1_9' title="bbox 287 2009 2495 3360">
    <p class='ocr_par' dir='ltr' id='par_1_9' title="bbox 287 2009 2495 3075">
     <span class='ocr_line' id='line_1_21' title="bbox 402 2009 2494 2073; baseline 0 -10.959"><span class='ocrx_word' id='word_1_155' title='bbox 402 2036 476 2053; x_wconf 83' lang='lat'>-</span> <span class='ocrx_word' id='word_1_156' title='bbox 754 2012 1090 2064; x_wconf 91' lang='lat' dir='ltr'>ESCRIPSI</span> <span class='ocrx_word' id='word_1_157' title='bbox 1103 2011 1222 2073; x_wconf 93' lang='lat' dir='ltr'>tibi,</span> <span class='ocrx_word' id='word_1_158' title='bbox 1239 2012 1537 2064; x_wconf 86' lang='lat' dir='ltr'>clarissime</span> <span class='ocrx_word' id='word_1_159' title='bbox 1551 2019 1604 2064; x_wconf 91' lang='lat' dir='ltr'>et</span> <span class='ocrx_word' id='word_1_160' title='bbox 1617 2013 1983 2064; x_wconf 86' lang='lat' dir='ltr'>eruditissime</span> <span class='ocrx_word' id='word_1_161' title='bbox 1998 2012 2260 2064; x_wconf 92' lang='lat' dir='ltr'>Domine</span> <span class='ocrx_word' id='word_1_162' title='bbox 2272 2009 2494 2064; x_wconf 61' lang='lat' dir='ltr'>Dostor</span> 
     </span>
     <span class='ocr_line' id='line_1_22' title="bbox 471 2083 2492 2154; baseline -0.001 -18.123"><span class='ocrx_word' id='word_1_163' title='bbox 409 2103 516 2154; x_wconf 55' lang='grc' dir='ltr'>χε·</span> <span class='ocrx_word' id='word_1_164' title='bbox 754 2083 1154 2144; x_wconf 88' lang='lat' dir='ltr'>CRAMERE,</span> <span class='ocrx_word' id='word_1_165' title='bbox 1186 2083 1369 2148; x_wconf 93' lang='lat' dir='ltr'>paulo</span> <span class='ocrx_word' id='word_1_166' title='bbox 1402 2090 1726 2148; x_wconf 90' lang='lat' dir='ltr'>antequam</span> <span class='ocrx_word' id='word_1_167' title='bbox 1754 2083 2091 2148; x_wconf 89' lang='lat' dir='ltr'>Witeberga</span> <span class='ocrx_word' id='word_1_168' title='bbox 2124 2083 2492 2144; x_wconf 90' lang='lat' dir='ltr'>discederem,</span> 
     </span>
     <span class='ocr_line' id='line_1_23' title="bbox 423 2152 2494 2220; baseline 0.016 -48"><span class='ocrx_word' id='word_1_169' title='bbox 423 2152 434 2157; x_wconf 28' lang='lat' dir='ltr'>ff</span> <span class='ocrx_word' id='word_1_170' title='bbox 754 2171 903 2220; x_wconf 83' lang='lat' dir='ltr'>quas</span> <span class='ocrx_word' id='word_1_171' title='bbox 922 2161 978 2207; x_wconf 86' lang='lat' dir='ltr'>te</span> <span class='ocrx_word' id='word_1_172' title='bbox 999 2156 1270 2219; x_wconf 88' lang='lat' dir='ltr'>accepisse</span> <span class='ocrx_word' id='word_1_173' title='bbox 1291 2171 1440 2207; x_wconf 89' lang='lat' dir='ltr'>reor.</span> <span class='ocrx_word' id='word_1_174' title='bbox 1469 2155 1562 2207; x_wconf 94' lang='lat' dir='ltr'>De</span> <span class='ocrx_word' id='word_1_175' title='bbox 1582 2158 1731 2207; x_wconf 94' lang='lat' dir='ltr'>meis</span> <span class='ocrx_word' id='word_1_176' title='bbox 1752 2162 1953 2207; x_wconf 93' lang='lat' dir='ltr'>autem</span> <span class='ocrx_word' id='word_1_177' title='bbox 1972 2155 2163 2214; x_wconf 92' lang='lat' dir='ltr'>rebus,</span> <span class='ocrx_word' id='word_1_178' title='bbox 2187 2154 2494 2220; x_wconf 88' lang='lat' dir='ltr'>postquam</span> 
     </span>
     <span class='ocr_line' id='line_1_24' title="bbox 331 2226 2494 2295; baseline 0.001 -20"><span class='ocrx_word' id='word_1_179' title='bbox 331 2231 353 2293; x_wconf 56' lang='grc' dir='ltr'><em>ἢ</em></span> <span class='ocrx_word' id='word_1_180' title='bbox 409 2230 464 2295; x_wconf 50' lang='lat'>..³3-</span> <span class='ocrx_word' id='word_1_181' title='bbox 478 2263 487 2277; x_wconf 49' lang='lat'>2</span> <span class='ocrx_word' id='word_1_182' title='bbox 507 2287 516 2291; x_wconf 11' lang='grc' dir='ltr'><strong>μ</strong></span> <span class='ocrx_word' id='word_1_183' title='bbox 752 2227 890 2279; x_wconf 94' lang='lat' dir='ltr'>inde</span> <span class='ocrx_word' id='word_1_184' title='bbox 923 2227 1127 2279; x_wconf 93' lang='lat' dir='ltr'>abiens</span> <span class='ocrx_word' id='word_1_185' title='bbox 1159 2229 1221 2278; x_wconf 94' lang='lat' dir='ltr'>in</span> <span class='ocrx_word' id='word_1_186' title='bbox 1254 2226 1608 2278; x_wconf 90' lang='lat' dir='ltr'>Bohemiam</span> <span class='ocrx_word' id='word_1_187' title='bbox 1641 2243 1713 2279; x_wconf 85' lang='lat' dir='ltr'>ex</span> <span class='ocrx_word' id='word_1_188' title='bbox 1746 2227 2179 2279; x_wconf 90' lang='lat' dir='ltr'>clementissimo</span> <span class='ocrx_word' id='word_1_189' title='bbox 2211 2226 2494 2278; x_wconf 92' lang='lat' dir='ltr'>mandato</span> 
     </span>
     <span class='ocr_line' id='line_1_25' title="bbox 564 2297 2493 2363; baseline -0.002 -10.297"><span class='ocrx_word' id='word_1_190' title='bbox 564 2324 714 2354; x_wconf 65' lang='lat' dir='ltr'><em>s</em></span> <span class='ocrx_word' id='word_1_191' title='bbox 754 2305 809 2350; x_wconf 91' lang='lat' dir='ltr'>et</span> <span class='ocrx_word' id='word_1_192' title='bbox 836 2301 1181 2350; x_wconf 89' lang='lat' dir='ltr'>evocatione</span> <span class='ocrx_word' id='word_1_193' title='bbox 1208 2298 1574 2363; x_wconf 89' lang='lat' dir='ltr'>augustissimi</span> <span class='ocrx_word' id='word_1_194' title='bbox 1600 2299 1977 2363; x_wconf 90' lang='lat' dir='ltr'>Imperatoris</span> <span class='ocrx_word' id='word_1_195' title='bbox 2002 2313 2098 2349; x_wconf 96' lang='lat' dir='ltr'>me</span> <span class='ocrx_word' id='word_1_196' title='bbox 2126 2297 2493 2357; x_wconf 91' lang='lat' dir='ltr'>contulerim,</span> 
     </span>
     <span class='ocr_line' id='line_1_26' title="bbox 315 2366 2493 2434; baseline -0 -13"><span class='ocrx_word' id='word_1_197' title='bbox 315 2376 318 2379; x_wconf 75' lang='grc'>’</span> <span class='ocrx_word' id='word_1_198' title='bbox 415 2366 422 2372; x_wconf 74' lang='grc'><em>”</em></span> <span class='ocrx_word' id='word_1_199' title='bbox 454 2379 456 2382; x_wconf 84' lang='grc'><strong>’</strong></span> <span class='ocrx_word' id='word_1_200' title='bbox 754 2372 896 2433; x_wconf 92' lang='lat' dir='ltr'>quia</span> <span class='ocrx_word' id='word_1_201' title='bbox 915 2372 1093 2421; x_wconf 91' lang='lat' dir='ltr'>nimis</span> <span class='ocrx_word' id='word_1_202' title='bbox 1112 2369 1358 2434; x_wconf 88' lang='lat' dir='ltr'>longum</span> <span class='ocrx_word' id='word_1_203' title='bbox 1377 2368 1526 2421; x_wconf 88' lang='lat' dir='ltr'>foret</span> <span class='ocrx_word' id='word_1_204' title='bbox 1548 2368 1646 2421; x_wconf 84' lang='lat' dir='ltr'>hic</span> <span class='ocrx_word' id='word_1_205' title='bbox 1666 2369 1953 2434; x_wconf 82' lang='lat' dir='ltr'>sigillatim</span> <span class='ocrx_word' id='word_1_206' title='bbox 1974 2372 2178 2421; x_wconf 93' lang='lat' dir='ltr'>omnia</span> <span class='ocrx_word' id='word_1_207' title='bbox 2199 2383 2493 2429; x_wconf 90' lang='lat' dir='ltr'>enarrare,</span> 
     </span>
     <span class='ocr_line' id='line_1_27' title="bbox 287 2385 2493 2504; baseline 0 -14"><span class='ocrx_word' id='word_1_208' title='bbox 287 2386 409 2491; x_wconf 84' lang='lat' dir='ltr'>iussi</span> <span class='ocrx_word' id='word_1_209' title='bbox 430 2385 670 2491; x_wconf 84' lang='lat' dir='ltr'>describi</span> <span class='ocrx_word' id='word_1_210' title='bbox 690 2440 1030 2504; x_wconf 89' lang='lat' dir='ltr'>exemplum</span> <span class='ocrx_word' id='word_1_211' title='bbox 1050 2455 1416 2504; x_wconf 92' lang='lat' dir='ltr'>nuperarum</span> <span class='ocrx_word' id='word_1_212' title='bbox 1430 2440 1506 2492; x_wconf 91' lang='lat' dir='ltr'>ad</span> <span class='ocrx_word' id='word_1_213' title='bbox 1522 2440 1950 2493; x_wconf 89' lang='lat' dir='ltr'>OLIGERUM</span> <span class='ocrx_word' id='word_1_214' title='bbox 1966 2438 2493 2492; x_wconf 90' lang='lat' dir='ltr'><strong>ROSAEKRANT-</strong></span> 
     </span>
     <span class='ocr_line' id='line_1_28' title="bbox 288 2510 2494 2594; baseline 0 -32"><span class='ocrx_word' id='word_1_215' title='bbox 288 2510 498 2563; x_wconf 93' lang='lat' dir='ltr'><strong>ZIUM</strong></span> <span class='ocrx_word' id='word_1_216' title='bbox 518 2510 777 2563; x_wconf 89' lang='lat' dir='ltr'>nostrum</span> <span class='ocrx_word' id='word_1_217' title='bbox 791 2527 828 2564; x_wconf 93' lang='lat' dir='ltr'>a</span> <span class='ocrx_word' id='word_1_218' title='bbox 841 2527 937 2563; x_wconf 92' lang='lat' dir='ltr'>me</span> <span class='ocrx_word' id='word_1_219' title='bbox 953 2512 1242 2572; x_wconf 93' lang='lat' dir='ltr'>datarum,</span> <span class='ocrx_word' id='word_1_220' title='bbox 1265 2527 1401 2576; x_wconf 85' lang='lat' dir='ltr'>quae</span> <span class='ocrx_word' id='word_1_221' title='bbox 1415 2511 1777 2563; x_wconf 81' lang='lat' dir='ltr'>historiolam</span> <span class='ocrx_word' id='word_1_222' title='bbox 1792 2511 2096 2576; x_wconf 92' lang='lat' dir='ltr'>quandam</span> <span class='ocrx_word' id='word_1_223' title='bbox 2111 2526 2335 2571; x_wconf 90' lang='lat' dir='ltr'>eorum,</span> <span class='ocrx_word' id='word_1_224' title='bbox 2358 2525 2494 2594; x_wconf 84' lang='lat' dir='ltr'>quae</span> 
     </span>
     <span class='ocr_line' id='line_1_29' title="bbox 287 2580 2493 2648; baseline 0 -16"><span class='ocrx_word' id='word_1_225' title='bbox 287 2580 436 2633; x_wconf 93' lang='lat' dir='ltr'>mihi</span> <span class='ocrx_word' id='word_1_226' title='bbox 456 2580 553 2633; x_wconf 84' lang='lat' dir='ltr'>hic</span> <span class='ocrx_word' id='word_1_227' title='bbox 575 2589 915 2643; x_wconf 90' lang='lat' dir='ltr'>evenerunt,</span> <span class='ocrx_word' id='word_1_228' title='bbox 938 2585 1255 2644; x_wconf 90' lang='lat' dir='ltr'>continent,</span> <span class='ocrx_word' id='word_1_229' title='bbox 1278 2586 1445 2635; x_wconf 92' lang='lat' dir='ltr'>cuius</span> <span class='ocrx_word' id='word_1_230' title='bbox 1464 2589 1519 2634; x_wconf 92' lang='lat' dir='ltr'>te</span> <span class='ocrx_word' id='word_1_231' title='bbox 1540 2582 1693 2635; x_wconf 89' lang='lat' dir='ltr'>facio</span> <span class='ocrx_word' id='word_1_232' title='bbox 1713 2585 2074 2648; x_wconf 91' lang='lat' dir='ltr'>participem.</span> <span class='ocrx_word' id='word_1_233' title='bbox 2103 2582 2246 2634; x_wconf 89' lang='lat' dir='ltr'>Inde</span> <span class='ocrx_word' id='word_1_234' title='bbox 2265 2597 2370 2647; x_wconf 92' lang='lat' dir='ltr'>per</span> <span class='ocrx_word' id='word_1_235' title='bbox 2389 2584 2493 2634; x_wconf 92' lang='lat' dir='ltr'>cir-</span> 
     </span>
     <span class='ocr_line' id='line_1_30' title="bbox 289 2652 2494 2714; baseline 0 -9"><span class='ocrx_word' id='word_1_236' title='bbox 289 2652 661 2705; x_wconf 87' lang='lat' dir='ltr'>cumstantias</span> <span class='ocrx_word' id='word_1_237' title='bbox 682 2656 886 2706; x_wconf 92' lang='lat' dir='ltr'>omnia</span> <span class='ocrx_word' id='word_1_238' title='bbox 906 2653 1168 2714; x_wconf 89' lang='lat' dir='ltr'>hauries;</span> <span class='ocrx_word' id='word_1_239' title='bbox 1191 2669 1327 2706; x_wconf 91' lang='lat' dir='ltr'>cum</span> <span class='ocrx_word' id='word_1_240' title='bbox 1341 2657 1501 2706; x_wconf 92' lang='lat' dir='ltr'>enim</span> <span class='ocrx_word' id='word_1_241' title='bbox 1514 2660 1637 2706; x_wconf 91' lang='lat' dir='ltr'>tam</span> <span class='ocrx_word' id='word_1_242' title='bbox 1652 2652 1811 2706; x_wconf 67' lang='lat' dir='ltr'>arcta</span> <span class='ocrx_word' id='word_1_243' title='bbox 1824 2653 1887 2705; x_wconf 87' lang='lat' dir='ltr'>fit</span> <span class='ocrx_word' id='word_1_244' title='bbox 1900 2656 2051 2706; x_wconf 90' lang='lat' dir='ltr'>inter</span> <span class='ocrx_word' id='word_1_245' title='bbox 2066 2652 2494 2706; x_wconf 90' lang='lat' dir='ltr'>OLIGERUM</span> 
     </span>
     <span class='ocr_line' id='line_1_31' title="bbox 290 2724 2494 2790; baseline 0 -14"><span class='ocrx_word' id='word_1_246' title='bbox 290 2731 344 2776; x_wconf 88' lang='lat' dir='ltr'>et</span> <span class='ocrx_word' id='word_1_247' title='bbox 358 2730 412 2776; x_wconf 92' lang='lat' dir='ltr'>te</span> <span class='ocrx_word' id='word_1_248' title='bbox 427 2727 702 2786; x_wconf 87' lang='lat' dir='ltr'>amicitia,</span> <span class='ocrx_word' id='word_1_249' title='bbox 723 2727 789 2786; x_wconf 89' lang='lat' dir='ltr'>is,</span> <span class='ocrx_word' id='word_1_250' title='bbox 812 2726 972 2790; x_wconf 92' lang='lat' dir='ltr'>quod</span> <span class='ocrx_word' id='word_1_251' title='bbox 993 2725 1341 2789; x_wconf 92' lang='lat' dir='ltr'>descriptum</span> <span class='ocrx_word' id='word_1_252' title='bbox 1360 2726 1600 2778; x_wconf 92' lang='lat' dir='ltr'>suarum</span> <span class='ocrx_word' id='word_1_253' title='bbox 1620 2725 1925 2777; x_wconf 89' lang='lat' dir='ltr'>literarum</span> <span class='ocrx_word' id='word_1_254' title='bbox 1941 2724 2044 2777; x_wconf 92' lang='lat' dir='ltr'>tibi</span> <span class='ocrx_word' id='word_1_255' title='bbox 2059 2727 2494 2777; x_wconf 90' lang='lat' dir='ltr'>communicem</span> 
     </span>
     <span class='ocr_line' id='line_1_32' title="bbox 290 2795 2494 2860; baseline -0 -12"><span class='ocrx_word' id='word_1_256' title='bbox 290 2795 595 2860; x_wconf 90' lang='lat' dir='ltr'>(secretum</span> <span class='ocrx_word' id='word_1_257' title='bbox 613 2803 815 2848; x_wconf 92' lang='lat' dir='ltr'>tamen</span> <span class='ocrx_word' id='word_1_258' title='bbox 835 2796 1194 2858; x_wconf 91' lang='lat' dir='ltr'>habendum,</span> <span class='ocrx_word' id='word_1_259' title='bbox 1216 2812 1325 2849; x_wconf 91' lang='lat' dir='ltr'>nec</span> <span class='ocrx_word' id='word_1_260' title='bbox 1341 2796 1448 2848; x_wconf 89' lang='lat' dir='ltr'>nifi</span> <span class='ocrx_word' id='word_1_261' title='bbox 1461 2796 1688 2849; x_wconf 92' lang='lat' dir='ltr'>secretis</span> <span class='ocrx_word' id='word_1_262' title='bbox 1703 2799 1908 2849; x_wconf 92' lang='lat' dir='ltr'>amicis</span> <span class='ocrx_word' id='word_1_263' title='bbox 1923 2795 2368 2859; x_wconf 88' lang='lat' dir='ltr'>ostendendum)</span> <span class='ocrx_word' id='word_1_264' title='bbox 2388 2798 2494 2847; x_wconf 93' lang='lat' dir='ltr'>mi-</span> 
     </span>
     <span class='ocr_line' id='line_1_33' title="bbox 289 2866 2494 2933; baseline 0 -15"><span class='ocrx_word' id='word_1_265' title='bbox 289 2869 449 2919; x_wconf 91' lang='lat' dir='ltr'>nime</span> <span class='ocrx_word' id='word_1_266' title='bbox 470 2883 624 2933; x_wconf 87' lang='lat' dir='ltr'>aegre</span> <span class='ocrx_word' id='word_1_267' title='bbox 643 2867 871 2920; x_wconf 89' lang='lat' dir='ltr'>laturus</span> <span class='ocrx_word' id='word_1_268' title='bbox 893 2868 982 2920; x_wconf 91' lang='lat' dir='ltr'>est.</span> <span class='ocrx_word' id='word_1_269' title='bbox 1013 2867 1215 2931; x_wconf 89' lang='lat' dir='ltr'>Quare</span> <span class='ocrx_word' id='word_1_270' title='bbox 1242 2868 1313 2920; x_wconf 92' lang='lat' dir='ltr'>de</span> <span class='ocrx_word' id='word_1_271' title='bbox 1339 2871 1487 2920; x_wconf 91' lang='lat' dir='ltr'>meis</span> <span class='ocrx_word' id='word_1_272' title='bbox 1514 2870 1762 2933; x_wconf 88' lang='lat' dir='ltr'>negotijs</span> <span class='ocrx_word' id='word_1_273' title='bbox 1788 2867 1939 2919; x_wconf 91' lang='lat' dir='ltr'>nihil</span> <span class='ocrx_word' id='word_1_274' title='bbox 1962 2867 2060 2920; x_wconf 86' lang='lat' dir='ltr'>hic</span> <span class='ocrx_word' id='word_1_275' title='bbox 2084 2866 2256 2928; x_wconf 82' lang='lat' dir='ltr'>addc,</span> <span class='ocrx_word' id='word_1_276' title='bbox 2282 2866 2494 2919; x_wconf 92' lang='lat' dir='ltr'>solum-</span> 
     </span>
     <span class='ocr_line' id='line_1_34' title="bbox 288 2937 2495 3005; baseline 0 -15"><span class='ocrx_word' id='word_1_277' title='bbox 288 2939 468 2991; x_wconf 93' lang='lat' dir='ltr'>modo</span> <span class='ocrx_word' id='word_1_278' title='bbox 489 2938 622 2991; x_wconf 91' lang='lat' dir='ltr'>Deo</span> <span class='ocrx_word' id='word_1_279' title='bbox 649 2939 970 2991; x_wconf 92' lang='lat' dir='ltr'>immortali</span> <span class='ocrx_word' id='word_1_280' title='bbox 995 2942 1211 3005; x_wconf 91' lang='lat' dir='ltr'>gratias</span> <span class='ocrx_word' id='word_1_281' title='bbox 1238 2955 1366 3005; x_wconf 79' lang='lat' dir='ltr'>ago,</span> <span class='ocrx_word' id='word_1_282' title='bbox 1394 2939 1666 3005; x_wconf 88' lang='lat' dir='ltr'>Agasque</span> <span class='ocrx_word' id='word_1_283' title='bbox 1693 2945 1757 2991; x_wconf 94' lang='lat' dir='ltr'>tu</span> <span class='ocrx_word' id='word_1_284' title='bbox 1783 2946 1839 2991; x_wconf 90' lang='lat' dir='ltr'>et</span> <span class='ocrx_word' id='word_1_285' title='bbox 1865 2954 2074 2991; x_wconf 94' lang='lat' dir='ltr'>omnes</span> <span class='ocrx_word' id='word_1_286' title='bbox 2100 2940 2178 3004; x_wconf 88' lang='lat' dir='ltr'>pij</span> <span class='ocrx_word' id='word_1_287' title='bbox 2206 2937 2495 3003; x_wconf 90' lang='lat' dir='ltr'>probique</span> 
     </span>
     <span class='ocr_line' id='line_1_35' title="bbox 289 3010 1834 3075; baseline 0.001 -14"><span class='ocrx_word' id='word_1_288' title='bbox 289 3025 540 3071; x_wconf 92' lang='lat' dir='ltr'>mecum,</span> <span class='ocrx_word' id='word_1_289' title='bbox 563 3011 722 3075; x_wconf 95' lang='lat' dir='ltr'>quod</span> <span class='ocrx_word' id='word_1_290' title='bbox 743 3013 947 3063; x_wconf 89' lang='lat' dir='ltr'>omnia</span> <span class='ocrx_word' id='word_1_291' title='bbox 965 3011 1116 3063; x_wconf 92' lang='lat' dir='ltr'>bene</span> <span class='ocrx_word' id='word_1_292' title='bbox 1138 3017 1193 3063; x_wconf 90' lang='lat' dir='ltr'>et</span> <span class='ocrx_word' id='word_1_293' title='bbox 1214 3025 1286 3062; x_wconf 90' lang='lat' dir='ltr'>ex</span> <span class='ocrx_word' id='word_1_294' title='bbox 1305 3017 1445 3063; x_wconf 92' lang='lat' dir='ltr'>voto</span> <span class='ocrx_word' id='word_1_295' title='bbox 1465 3010 1834 3062; x_wconf 87' lang='lat' dir='ltr'>successerint.</span> 
     </span>
    </p>

    <p class='ocr_par' dir='ltr' id='par_1_10' title="bbox 289 3081 2495 3360">
     <span class='ocr_line' id='line_1_36' title="bbox 362 3081 2495 3146; baseline -0.001 -13"><span class='ocrx_word' id='word_1_296' title='bbox 362 3081 664 3133; x_wconf 84' lang='lat' dir='ltr'>Caeterum</span> <span class='ocrx_word' id='word_1_297' title='bbox 684 3081 759 3134; x_wconf 89' lang='lat' dir='ltr'>est</span> <span class='ocrx_word' id='word_1_298' title='bbox 779 3082 942 3134; x_wconf 92' lang='lat' dir='ltr'>aliud</span> <span class='ocrx_word' id='word_1_299' title='bbox 962 3089 1017 3134; x_wconf 91' lang='lat' dir='ltr'>te</span> <span class='ocrx_word' id='word_1_300' title='bbox 1038 3098 1162 3134; x_wconf 92' lang='lat' dir='ltr'>non</span> <span class='ocrx_word' id='word_1_301' title='bbox 1181 3085 1432 3134; x_wconf 91' lang='lat' dir='ltr'>minima</span> <span class='ocrx_word' id='word_1_302' title='bbox 1453 3097 1525 3133; x_wconf 88' lang='lat' dir='ltr'>ex</span> <span class='ocrx_word' id='word_1_303' title='bbox 1544 3088 1708 3146; x_wconf 92' lang='lat' dir='ltr'>parte</span> <span class='ocrx_word' id='word_1_304' title='bbox 1730 3096 2107 3141; x_wconf 83' lang='lat' dir='ltr'>concernenS‚</span> <span class='ocrx_word' id='word_1_305' title='bbox 2130 3081 2289 3145; x_wconf 93' lang='lat' dir='ltr'>quod</span> <span class='ocrx_word' id='word_1_306' title='bbox 2302 3086 2357 3132; x_wconf 90' lang='lat' dir='ltr'>te</span> <span class='ocrx_word' id='word_1_307' title='bbox 2372 3095 2495 3132; x_wconf 93' lang='lat' dir='ltr'>non</span> 
     </span>
     <span class='ocr_line' id='line_1_37' title="bbox 291 3151 2495 3218; baseline 0 -15"><span class='ocrx_word' id='word_1_308' title='bbox 291 3152 626 3204; x_wconf 86' lang='lat' dir='ltr'>caelandum</span> <span class='ocrx_word' id='word_1_309' title='bbox 646 3153 804 3205; x_wconf 89' lang='lat' dir='ltr'>duxi.</span> <span class='ocrx_word' id='word_1_310' title='bbox 834 3153 992 3206; x_wconf 94' lang='lat' dir='ltr'>Cum</span> <span class='ocrx_word' id='word_1_311' title='bbox 1011 3153 1366 3218; x_wconf 87' lang='lat' dir='ltr'>Witebergae</span> <span class='ocrx_word' id='word_1_312' title='bbox 1392 3154 1574 3214; x_wconf 89' lang='lat' dir='ltr'>essem,</span> <span class='ocrx_word' id='word_1_313' title='bbox 1603 3154 1903 3205; x_wconf 84' lang='lat' dir='ltr'>accesserat</span> <span class='ocrx_word' id='word_1_314' title='bbox 1925 3168 1996 3204; x_wconf 92' lang='lat' dir='ltr'>eo</span> <span class='ocrx_word' id='word_1_315' title='bbox 2017 3152 2231 3204; x_wconf 92' lang='lat' dir='ltr'>Danus</span> <span class='ocrx_word' id='word_1_316' title='bbox 2252 3151 2495 3216; x_wconf 90' lang='lat' dir='ltr'>quidam</span> 
     </span>
     <span class='ocr_line' id='line_1_38' title="bbox 289 3221 2495 3285; baseline 0 -11"><span class='ocrx_word' id='word_1_317' title='bbox 289 3222 569 3275; x_wconf 86' lang='lat' dir='ltr'>studiosus</span> <span class='ocrx_word' id='word_1_318' title='bbox 595 3223 743 3276; x_wconf 91' lang='lat' dir='ltr'>mihi</span> <span class='ocrx_word' id='word_1_319' title='bbox 771 3223 1138 3277; x_wconf 88' lang='lat' dir='ltr'>familiariter</span> <span class='ocrx_word' id='word_1_320' title='bbox 1165 3230 1359 3285; x_wconf 78' lang='lat' dir='ltr'>notUS,</span> <span class='ocrx_word' id='word_1_321' title='bbox 1390 3224 1869 3276; x_wconf 89' lang='lat' dir='ltr'><strong>BARTOLDUS</strong></span> <span class='ocrx_word' id='word_1_322' title='bbox 1898 3223 2105 3275; x_wconf 89' lang='lat' dir='ltr'>IVARI</span> <span class='ocrx_word' id='word_1_323' title='bbox 2134 3221 2495 3275; x_wconf 89' lang='lat' dir='ltr'>MULAEUS</span> 
     </span>
     <span class='ocr_line' id='line_1_39' title="bbox 291 3292 2494 3360; baseline -0.001 -14"><span class='ocrx_word' id='word_1_324' title='bbox 291 3292 491 3355; x_wconf 54' lang='lat' dir='ltr'>dictu&amp;</span> <span class='ocrx_word' id='word_1_325' title='bbox 520 3298 621 3359; x_wconf 94' lang='lat' dir='ltr'>qui</span> <span class='ocrx_word' id='word_1_326' title='bbox 648 3311 784 3347; x_wconf 94' lang='lat' dir='ltr'>cum</span> <span class='ocrx_word' id='word_1_327' title='bbox 805 3296 1039 3348; x_wconf 91' lang='lat' dir='ltr'>Barone</span> <span class='ocrx_word' id='word_1_328' title='bbox 1061 3296 1324 3360; x_wconf 89' lang='lat' dir='ltr'>quodam</span> <span class='ocrx_word' id='word_1_329' title='bbox 1344 3295 1574 3348; x_wconf 89' lang='lat' dir='ltr'>Svetico</span> <span class='ocrx_word' id='word_1_330' title='bbox 1596 3295 1968 3348; x_wconf 91' lang='lat' dir='ltr'><strong>STENONE</strong></span> <span class='ocrx_word' id='word_1_331' title='bbox 1989 3294 2335 3347; x_wconf 90' lang='lat' dir='ltr'>BIELCHE</span> <span class='ocrx_word' id='word_1_332' title='bbox 2358 3308 2494 3345; x_wconf 91' lang='lat' dir='ltr'>meo</span> 
     </span>
    </p>
   </div>
   <div class='ocr_carea' id='block_1_10' title="bbox 291 3364 2494 3495">
    <p class='ocr_par' dir='ltr' id='par_1_11' title="bbox 291 3364 2494 3495">
     <span class='ocr_line' id='line_1_40' title="bbox 291 3364 2494 3487; baseline -0 -70"><span class='ocrx_word' id='word_1_333' title='bbox 291 3364 726 3431; x_wconf 91' lang='lat' dir='ltr'>consanguineo</span> <span class='ocrx_word' id='word_1_334' title='bbox 753 3368 1068 3427; x_wconf 87' lang='lat' dir='ltr'>accesserat‚</span> <span class='ocrx_word' id='word_1_335' title='bbox 1097 3382 1351 3431; x_wconf 91' lang='lat' dir='ltr'>cumque</span> <span class='ocrx_word' id='word_1_336' title='bbox 1377 3382 1481 3431; x_wconf 92' lang='lat' dir='ltr'>per</span> <span class='ocrx_word' id='word_1_337' title='bbox 1507 3367 1733 3431; x_wconf 91' lang='lat' dir='ltr'>aliquot</span> <span class='ocrx_word' id='word_1_338' title='bbox 1756 3366 1879 3419; x_wconf 88' lang='lat' dir='ltr'>dies</span> <span class='ocrx_word' id='word_1_339' title='bbox 1899 3365 1979 3417; x_wconf 90' lang='lat' dir='ltr'>ibi</span> <span class='ocrx_word' id='word_1_340' title='bbox 1999 3379 2494 3487; x_wconf 41' lang='lat' dir='ltr'>mecun1-eonver-</span> 
     </span>
     <span class='ocr_line' id='line_1_41' title="bbox 2238 3441 2493 3495; baseline -0.008 -7"><span class='ocrx_word' id='word_1_341' title='bbox 2238 3441 2493 3495; x_wconf 91' lang='lat' dir='ltr'>arentur,</span> 
     </span>
    </p>
   </div>
   <div class='ocr_carea' id='block_1_11' title="bbox 282 1988 752 2423">
    <p class='ocr_par' dir='ltr' id='par_1_12' title="bbox 282 1988 752 2423">
     <span class='ocr_line' id='line_1_42' title="bbox 282 1988 752 2305; baseline 0 0"><span class='ocrx_word' id='word_1_342' title='bbox 282 1988 752 2305; x_wconf 95' lang='lat' dir='ltr'>  </span> 
     </span>
     <span class='ocr_line' id='line_1_43' title="bbox 282 2305 752 2423; baseline 0 1599"><span class='ocrx_word' id='word_1_343' title='bbox 282 2305 752 2423; x_wconf 95' lang='lat' dir='ltr'> </span> 
     </span>
    </p>
   </div>
   <div class='ocr_carea' id='block_1_12' title="bbox 2542 1105 2585 1140">
    <p class='ocr_par' dir='ltr' id='par_1_13' title="bbox 2542 1105 2585 1140">
     <span class='ocr_line' id='line_1_44' title="bbox 2542 1105 2585 1140; baseline 0 0"><span class='ocrx_word' id='word_1_344' title='bbox 2542 1105 2585 1140; x_wconf 90' lang='grc'>10</span> 
     </span>
    </p>
   </div>
   <div class='ocr_carea' id='block_1_13' title="bbox 2545 1473 2587 1508">
    <p class='ocr_par' dir='ltr' id='par_1_14' title="bbox 2545 1473 2587 1508">
     <span class='ocr_line' id='line_1_45' title="bbox 2545 1473 2587 1508; baseline 0 0"><span class='ocrx_word' id='word_1_345' title='bbox 2545 1473 2587 1508; x_wconf 84' lang='grc'>15</span> 
     </span>
    </p>
   </div>
   <div class='ocr_carea' id='block_1_14' title="bbox 2543 2315 2589 2349">
    <p class='ocr_par' dir='ltr' id='par_1_15' title="bbox 2543 2315 2589 2349">
     <span class='ocr_line' id='line_1_46' title="bbox 2543 2315 2589 2349; baseline 0 0"><span class='ocrx_word' id='word_1_346' title='bbox 2543 2315 2589 2349; x_wconf 87' lang='grc'>25</span> 
     </span>
    </p>
   </div>
   <div class='ocr_carea' id='block_1_15' title="bbox 2543 3025 2590 3060">
    <p class='ocr_par' dir='ltr' id='par_1_16' title="bbox 2543 3025 2590 3060">
     <span class='ocr_line' id='line_1_47' title="bbox 2543 3025 2590 3060; baseline 0 0"><span class='ocrx_word' id='word_1_347' title='bbox 2543 3025 2590 3060; x_wconf 89' lang='grc'>35</span> 
     </span>
    </p>
   </div>
   <div class='ocr_carea' id='block_1_16' title="bbox 2543 3379 2590 3415">
    <p class='ocr_par' dir='ltr' id='par_1_17' title="bbox 2543 3379 2590 3415">
     <span class='ocr_line' id='line_1_48' title="bbox 2543 3379 2590 3415; baseline 0 0"><span class='ocrx_word' id='word_1_348' title='bbox 2543 3379 2590 3415; x_wconf 79' lang='lat'>40</span> 
     </span>
    </p>
   </div>
  </div>
 </body>
</html>
