2678 4022
305 291 576 343 DAVID
605 290 1097 343 CHYTRAEUS
1124 291 1244 342 AD
1272 291 1776 343 TYCHONEM
1804 293 1836 344 7
1865 291 2052 344 OCT.
2082 291 2226 343 1598
2300 292 2378 343 117

103 438 131 480 -ι-
180 448 356 486 axem
371 432 543 485 stellis
559 431 898 484 ardentibus
916 438 1122 496 aptum
1138 432 1431 484 sustinenti
1445 432 1760 497 hospitium
1776 449 1848 485 ex
1862 433 2057 485 Patria
2070 432 2380 484 discedenti

179 504 481 569 praeberet,
511 505 679 555 cuius
708 505 1061 555 memoriam
1088 503 1402 555 URANIA
1429 503 1503 555 ad
1531 520 1771 556 omnem
1800 504 2190 568 posteritatem
2218 511 2381 568 grata

180 575 395 628 recolet
421 581 476 627 et
501 574 837 626 diuturnius
862 589 1043 638 quam
1070 574 1211 626 ullae
1238 575 1577 639 Pyramides
1598 582 1699 627 aut
1722 575 1970 628 Obelisci
1995 582 2380 640 propagatam

180 645 508 698 celebrabit.
531 644 686 708 Quae
707 645 1021 698 URANIA

109 769 167 813 ἢ
570 752 851 819 Regales
871 750 1119 804 animos
1132 750 1409 818 primum
1429 751 1687 819 dignata
1706 766 1979 814 movere,

570 821 864 875 Proxima
886 824 1223 890 tangentes
1247 822 1417 876 Coelo
1436 820 1678 890 fastigia
1698 839 1926 885 rerum,

178 945 338 982 nunc
368 932 545 982 etiam
577 926 920 981 invictissimi
949 929 1324 993 Imperatoris
1354 929 1769 982 RUDOLPHI
1798 933 2066 982 animum
2096 929 2285 990 flectit,
2319 937 2381 982 ut

178 1007 405 1066 patrem
436 1000 928 1052 Astronomorum
966 1000 1145 1052 huius
1182 1001 1357 1053 seculi
1393 1008 1448 1053 et
1482 1004 1727 1053 unicum
1764 1001 2164 1054 laudatissimae
2202 1002 2381 1053 huius

178 1072 430 1125 scientiae
450 1071 913 1131 instauratorem,
940 1074 1003 1124 in
1028 1074 1219 1137 patria
1240 1072 1555 1125 Centauris
1576 1072 1923 1136 quibusdam
1943 1089 2011 1125 ac
2033 1073 2216 1124 Midis
2235 1072 2380 1125 fasti-

88 1160 132 1196 ιο
180 1143 384 1204 ditum,
410 1143 487 1195 ad
511 1142 567 1195 se
594 1145 798 1195 invitet
818 1149 874 1195 et
893 1143 1135 1208 Regiam
1161 1143 1317 1196 hanc
1337 1160 1406 1196 ac
1426 1143 1716 1196 coelestem
1742 1144 2086 1208 sapientiam
2109 1144 2380 1196 Caesareo

178 1214 282 1267 suo
296 1214 628 1267 Patrocinio
643 1221 699 1266 et
710 1213 947 1278 sumptu
962 1214 1151 1266 excoli
1171 1221 1226 1267 et
1246 1217 1309 1267 in
1328 1215 1560 1267 sublimi
1579 1214 1682 1267 illa
1702 1230 1835 1267 arce
1856 1215 2177 1267 aetheream
2197 1221 2382 1267 artem

178 1285 509 1338 conservari
535 1292 591 1338 et
616 1285 789 1351 longe
818 1285 1053 1350 lateque
1079 1288 1142 1338 in
1167 1285 1271 1338 suo
1298 1287 1553 1351 Imperio
1581 1286 1768 1351 spargi
1799 1289 2010 1350 cupiat,
2040 1285 2179 1338 ficut
2208 1288 2382 1351 primi

180 1356 529 1410 CAESARIS
555 1357 762 1419 IULIJ,
790 1356 1094 1409 confusam
1121 1372 1192 1409 eo
1218 1364 1482 1422 tempore
1509 1358 1674 1409 Anni
1700 1358 1954 1409 Romani
1979 1360 2271 1409 rationem
2296 1373 2381 1408 re-

178 1427 406 1480 stituere
435 1428 748 1488 molientiS,
778 1431 1049 1480 animum
1076 1431 1276 1488 movit,
1307 1436 1371 1481 ut
1398 1428 1738 1482 SOSIGEN
1743 1429 1862 1480 EM
1889 1428 2383 1481 Mathematicum

89 1516 131 1552 1⁵
180 1502 244 1552 in
262 1498 498 1566 AEgypti
517 1515 698 1565 regno
717 1501 917 1551 minus
943 1499 1270 1552 honorifice
1291 1516 1328 1552 a
1348 1500 1697 1565 quibusdam
1722 1499 2008 1558 habitum,
2036 1500 2287 1551 Romam
2307 1500 2382 1551 ad

179 1570 235 1623 se
264 1570 608 1630 traduceret,
637 1577 702 1623 ut
729 1570 1038 1623 sublimem
1065 1571 1232 1623 illam
1258 1587 1326 1623 ac
1353 1571 1665 1624 Coelestem
1691 1571 1942 1623 fiderum
1969 1569 2294 1623 doctrinam
2320 1573 2383 1622 in

178 1641 410 1695 sublimi
423 1641 636 1694 summi
649 1642 1025 1706 Imperatoris
1038 1649 1329 1695 terrarum
1342 1642 1589 1702 theatro,
1610 1645 1825 1695 maiori
1846 1658 1981 1694 cum
2001 1643 2104 1694 sua
2123 1642 2309 1707 gloria
2330 1649 2383 1693 et

102 1717 131 1761 ÷
180 1713 341 1778 Reip.
362 1711 553 1766 frudtu
571 1719 937 1778 propagaret.
958 1713 1326 1766 Proficiscere
1345 1717 1519 1779 igitur
1536 1714 1669 1766 Deo
1685 1715 1832 1766 duce
1848 1721 1902 1766 et
1917 1714 2148 1778 auspice
2164 1713 2382 1765 CHRI-

180 1783 346 1845 STO,
374 1800 494 1849 quo
519 1791 575 1836 te
594 1784 1032 1850 Augustissimus
1059 1785 1384 1849 Imperator
1410 1792 1464 1837 et
1490 1792 1593 1837 tua
1617 1787 1759 1852 τύχη
1781 1792 1953 1837 vocat
1977 1793 2032 1837 et
2050 1787 2162 1836 viri
2183 1784 2381 1836 Excel-

84 1874 132 1909 κο
179 1855 466 1908 lentissimi
491 1871 561 1908 ac
587 1858 793 1920 optimi
813 1855 887 1908 D.
910 1855 984 1908 D.
1005 1855 1409 1908 THADDAEI
1429 1856 1882 1919 HAGGAECIJ,
1909 1856 2229 1908 studiorum
2255 1862 2381 1907 tuo-

179 1942 314 1979 rum
338 1926 493 1992 socij‚
521 1934 576 1979 et
601 1929 778 1979 amici
804 1925 1261 1988 coniunctissimi,
1289 1943 1425 1980 cum
1451 1943 1571 1992 quo
1598 1930 1772 1980 annis
1797 1927 2013 1979 abhinc
2032 1929 2266 1991 triginta
2285 1927 2381 1977 Vi-

180 2013 354 2050 ennae
379 1998 528 2050 mihi
554 2000 732 2051 etiam
758 1998 1106 2051 necessitudo
1132 2000 1446 2059 intercessit‚
1474 1999 1893 2051 consuetudine
1914 2006 1969 2050 et
1988 1998 2382 2050 familiaritate

180 2069 599 2130 iucundissima,
622 2076 677 2121 et
697 2069 1054 2134 Reipublicae
1073 2069 1398 2134 profutura,
1418 2070 1559 2122 felix
1571 2069 1788 2129 fruere;
1811 2077 1866 2121 et
1880 2085 2077 2133 opera,
2099 2076 2183 2121 tot
2197 2085 2381 2120 anno-

179 2155 314 2193 rum
326 2140 539 2206 vigilijs
553 2147 609 2192 et
622 2142 776 2192 curis
791 2140 1108 2202 elaborata,
1129 2141 1370 2196 feliciter
1383 2148 1636 2205 pertexe.
1658 2141 1785 2193 Nec
1799 2141 2116 2205 prolixiore
2133 2140 2384 2204 Epistola

67 2221 149 2266 23r
180 2227 340 2264 nunc
358 2218 415 2264 te
435 2212 512 2264 ad
531 2213 640 2264 iter
659 2210 984 2264 accinctum
1007 2215 1296 2264 remorari
1314 2212 1469 2273 volo,
1495 2207 1515 2280 ΙΙ
1538 2212 1634 2264 sed
1654 2212 1854 2264 Deum
1875 2213 2212 2264 ardentibus
2232 2214 2383 2262 votis

179 2298 403 2348 precor,
430 2289 494 2335 ut
517 2290 574 2335 te
598 2283 961 2335 incolumem
980 2298 1049 2335 ac
1069 2282 1379 2335 florentem
1400 2286 1634 2348 optimis
1657 2283 1854 2348 Rudijs
1874 2283 2057 2335 servet
2078 2290 2132 2335 et
2153 2282 2382 2334 cursum

179 2354 359 2406 huius
378 2356 493 2406 viae
514 2360 570 2406 et
588 2357 725 2406 vitae
745 2356 939 2415 totiuS‚
961 2355 1037 2406 ad
1057 2354 1173 2406 Dei
1192 2355 1443 2420 gloriam
1463 2362 1517 2406 et
1538 2354 1894 2419 Reipublicae
1915 2354 2160 2406 salutem
2179 2355 2382 2419 guber-

179 2432 295 2478 net.
321 2425 604 2478 Poemata
627 2427 691 2477 in
715 2427 802 2478 tui
827 2428 1076 2491 gratiam
1100 2426 1307 2490 scripta
1326 2426 1402 2478 ad
1423 2426 1703 2486 Daniam,
1731 2433 1786 2478 et
1811 2425 2156 2478 Germaniae
2184 2425 2255 2477 de
2280 2424 2384 2476 tali

179 2496 403 2562 hospite
428 2496 699 2557 laetantiS,
727 2504 783 2549 et
808 2497 1184 2560 BRASCHIJ
1203 2497 1378 2549 nostri
1399 2497 1844 2550 RUDOLPHO
1868 2497 2088 2549 Caesari
2113 2503 2167 2548 et
2189 2496 2292 2548 tibi
2312 2496 2383 2547 de

85 2584 132 2620 ³0
179 2575 284 2620 tuo
310 2567 570 2620 adventu
594 2567 956 2633 gratulantiS,
983 2571 1252 2633 inprimis
1271 2585 1413 2621 vero
1435 2569 1829 2634 Epigramma,
1858 2569 2018 2632 quod
2044 2567 2383 2620 restitutioni

180 2639 468 2699 Siderum,
493 2639 650 2691 Duci
671 2639 968 2692 ULRICO
989 2639 1293 2704 inscriptae,
1320 2640 1652 2705 praemifisti‚
1678 2639 1907 2691 summa
1928 2655 2064 2691 cum
2083 2639 2383 2703 voluptate

179 2709 292 2775 legi
312 2725 381 2762 ac
401 2708 761 2763 coniunctim
781 2726 852 2763 ea
871 2713 1023 2777 typis
1043 2710 1324 2776 descripta
1344 2718 1542 2763 extare
1564 2713 1700 2763 etin
1721 2711 2086 2762 eruditorum
2108 2710 2383 2762 manibus

180 2781 411 2841 versari,
425 2788 548 2834 toto
561 2780 792 2846 pectore
807 2789 963 2847 opt0.
985 2782 1147 2834 Bene
1162 2790 1217 2834 et
1229 2782 1472 2835 feliciter
1484 2782 1634 2835 vale.
1656 2781 1990 2846 Rhodopoli
2004 2782 2197 2833 Nonis
2212 2779 2382 2833 0610-

86 2904 134 2940 35
180 2852 299 2905 bris
317 2853 499 2905 Anno
519 2853 664 2905 1598·
1267 2887 1439 2941 Mtiam
1459 2889 1524 2941 T.
1547 2895 1880 2940 reverenter
1901 2888 2100 2940 colens

1575 2960 1798 3012 DAVID
1827 2960 2239 3012 CHYTRAEUS.

2274 3419 2382 3484 [Ex
