2652 4022
192 292 624 345 SCALIGER
656 291 779 343 AD
811 290 1319 342 TYCHONEM
1353 290 1428 342 29
1460 287 1736 355 FEB.llO
1769 289 2031 341 MART.
2065 289 2212 341 1600
2290 288 2394 340 263

191 433 477 487 hactenus
496 431 904 486 animadversa
923 431 1166 483 studiose
1188 431 1546 497 collegimuS,
1570 439 1624 483 et
1642 431 1863 484 stellam
1883 431 2065 491 illam,
2087 446 2269 495 quam
2289 430 2394 482 Po-

191 506 378 558 larem
405 511 636 565 vocant,
669 511 805 556 ante
837 503 999 554 mille
1031 510 1362 568 nongentos
1393 502 1690 567 sexaginta
1720 503 1817 555 sex
1846 518 2038 555 annos
2067 505 2130 554 in
2160 517 2231 554 eo
2263 501 2395 554 loco

191 576 419 636 haefisse‚
447 576 549 628 ubi
574 575 753 627 hodie
780 574 871 635 est,
899 577 1163 639 quinque
1189 574 1502 626 luculentis
1528 574 2027 626 vetustissimorum
2053 573 2396 638 scriptorum

115 653 143 695 †
191 647 530 712 testimonijs
566 646 1046 698 demonstramus,
1083 646 1374 697 Praeterea
1408 651 1492 696 tot
1527 646 1874 713 ἀτοπήματα
1910 652 1964 696 et
1999 645 2395 704 absurditateS,

101 1093 142 1128 10

100 1451 142 1485 15

95 2163 142 2198 25

95 2875 141 2909 35

96 3230 142 3264 40

193 734 328 783 quae
356 734 428 770 ex
453 718 557 770 illa
582 717 886 783 hypothefi
911 723 1108 768 motus
1134 715 1358 768 octavae
1387 715 1633 780 sphaerae
1662 715 1999 780 sequuntur,
2030 716 2395 776 adducimuS,

191 797 255 842 ut
268 805 448 842 nemo
461 789 526 841 fit
538 789 645 840 nifi
658 790 962 853 imperitus
983 795 1086 840 aut
1105 788 1359 847 inviduS,
1381 790 1483 852 qui
1504 793 1709 839 contra
1727 787 1946 839 hiscere
1967 788 2198 840 audeat.
2220 787 2396 839 Addo

192 864 386 922 etiam,
420 860 580 926 quod
609 859 894 912 hactenus
923 875 1131 911 omnes
1160 859 1344 919 latuit,
1377 859 1810 923 praecessionem
1839 858 2331 923 aequinoc'tiorum
2360 874 2397 910 a

190 932 566 985 THALETE
607 931 788 996 usque
831 937 885 982 et
926 929 1551 982 ANAXIMANDRO
1596 930 1672 982 ad
1717 930 2255 983 HIPPARCHUM
2297 929 2395 982 ad-

190 1005 412 1056 missam
431 1003 604 1063 fuisse,
626 1005 1005 1068 primumque
1023 1005 1294 1054 omnium
1312 1000 1850 1053 HIPPARCHUM
1873 1016 2006 1053 eam
2027 1002 2288 1062 reiecisse‚
2310 1004 2395 1052 in-

191 1073 364 1128 ducto
395 1074 641 1140 sphaerae
673 1073 898 1127 odtavae
929 1080 1097 1125 motu
1128 1076 1192 1124 in
1224 1073 1655 1137 consequentia,
1693 1073 1844 1124 adeo
1879 1079 1942 1124 ut
1978 1081 2182 1124 contra
2216 1072 2395 1124 fidem

191 1146 502 1198 oculorum
529 1153 855 1198 extremam
879 1147 943 1196 in
969 1145 1161 1197 cauda
1181 1144 1505 1210 Cynosurae
1532 1143 1646 1195 five
1668 1144 1955 1205 Polarem‚
1983 1151 2046 1195 ut
2066 1144 2276 1209 vulgus
2295 1159 2395 1195 vo-

190 1224 298 1278 cat,
332 1218 435 1270 esse
468 1220 741 1269 omnium
771 1216 1005 1280 septem,
1039 1231 1174 1280 quae
1206 1218 1270 1267 in
1301 1215 1592 1267 asterismo
1625 1215 1728 1266 illo
1760 1215 1906 1276 sunt,
1940 1215 2395 1267 australissimam

189 1289 524 1354 prodiderit,
558 1304 694 1353 quae
726 1295 928 1340 tamen
959 1287 1069 1339 fuit
1100 1294 1237 1339 ante
1268 1287 1455 1348 illum,
1490 1294 1545 1338 et
1577 1286 1652 1338 est
1683 1285 1878 1346 hodie,
1916 1289 2140 1350 eritque
2172 1286 2397 1350 semper

189 1360 574 1413 borealissima
594 1362 881 1412 omnium.
912 1360 1002 1411 En
1029 1375 1149 1423 quo
1175 1359 1565 1423 posteritatem
1590 1358 1860 1423 perduxit
1882 1360 2031 1410 tanti
2049 1360 2160 1409 viri
2180 1360 2395 1410 autori-

190 1438 296 1484 tas,
324 1432 485 1485 Nam
511 1432 584 1484 ab
611 1431 714 1483 illo
741 1431 923 1495 usque
950 1429 1236 1483 hactenus
1255 1446 1362 1482 vos
1385 1433 1466 1482 ita
1487 1429 1733 1490 creditis,
1762 1436 1817 1481 et
1842 1445 1967 1481 non
1992 1429 2112 1481 alia
2131 1444 2194 1480 re
2215 1445 2397 1493 quam

191 1503 352 1570 quod
373 1502 549 1566 αὐτὸς
567 1501 700 1570 ἔφα,
721 1503 882 1567 (111οᾱ
895 1505 958 1554 111
972 1502 1226 1554 Mathefi
1244 1517 1558 1566 nunquam
1573 1502 1773 1553 locum
1787 1501 2006 1553 habere
2021 1500 2206 1552 debet.
2229 1500 2397 1552 Nulli

190 1574 507 1627 hominum
532 1577 731 1640 generi
756 1573 935 1626 hodie
961 1576 1148 1639 magis
1171 1576 1374 1625 nocuit
1393 1575 1757 1638 antiquitatis
1777 1575 2070 1637 imperitia
2091 1587 2273 1636 quam
2292 1588 2395 1624 na-

190 1648 338 1698 tioni
357 1645 815 1711 Astrologorum.
844 1645 1013 1697 Nihil
1037 1648 1224 1710 magis
1249 1648 1451 1697 mirari
1474 1644 1623 1696 mihi
1642 1644 1935 1704 succurrit,
1963 1659 2146 1708 quam
2171 1646 2396 1695 nemini

190 1717 495 1783 Astrologo
517 1717 589 1769 de
608 1719 751 1769 vitio
777 1716 935 1768 illius
961 1716 1350 1782 hypotheseos
1373 1716 1690 1776 suboluisse,
1718 1731 1912 1780 neque
1934 1722 2077 1779 quot
2097 1722 2152 1767 et
2173 1722 2397 1779 quanta

191 1788 441 1841 absurda
456 1804 529 1840 ex
543 1788 646 1840 illa
659 1790 972 1853 propagari
986 1789 1202 1839 necesse
1216 1787 1295 1848 fit,
1310 1787 1351 1838 fi
1365 1803 1556 1839 unum
1570 1789 1828 1851 excipias
1844 1786 2394 1847 COPERNICUM,

191 1862 294 1924 qui
309 1867 364 1912 et
377 1861 809 1925 praecessionem
830 1857 1324 1923 aequinoctiorum
1339 1865 1393 1910 et
1407 1858 1813 1923 obliquitatem
1834 1858 2035 1910 circuli
2055 1855 2394 1922 aequinocti-

190 1931 300 1983 alis
320 1931 752 1990 animadvertit,
779 1930 874 1982 sed
900 1933 1268 1995 ignoratione
1295 1945 1495 1981 rerum
1514 1929 1870 1981 vetustarum
1890 1930 1966 1981 ad
1986 1929 2264 1981 absurdas
2290 1928 2394 1994 hy-

189 2002 457 2068 potheses
478 2002 751 2067 confugit.
774 2002 930 2054 Sane
950 2002 1280 2067 regularem
1302 2008 1357 2053 et
1377 2000 1733 2066 aequabilem
1750 2001 1902 2052 Solis
1922 2003 2202 2052 maximae
2223 2000 2394 2052 decli-

190 2076 448 2126 nationis
459 2073 909 2126 decrescentiam
919 2073 994 2125 ab
1005 2076 1182 2125 unica
1197 2075 1617 2137 anticipatione
1632 2070 2123 2136 aequinoctiorum
2137 2071 2394 2136 pendere

191 2146 407 2197 necesse
434 2145 525 2205 est,
553 2146 713 2209 quod
733 2161 771 2196 a
789 2144 960 2196 nobis
987 2147 1206 2209 optime
1233 2144 1691 2196 demonstratum
1718 2143 1808 2195 est.
1836 2143 2024 2195 Aliter
2049 2159 2174 2195 non
2198 2142 2392 2207 potest,

190 2216 296 2268 nifi
324 2232 429 2281 per
456 2216 628 2269 falsas
660 2215 1026 2282 hypotheses
1061 2216 1222 2267 Hinc
1251 2215 1508 2280 sequitur
1535 2215 1742 2280 polum
1770 2215 1981 2266 mundi
2010 2214 2196 2266 alium
2226 2215 2328 2266 esse
2358 2230 2395 2266 a

190 2287 329 2352 polo
350 2286 794 2352 aequinoctiali&
818 2294 872 2339 et
891 2287 1079 2339 lineas
1099 2287 1458 2339 meridianas
1479 2289 1722 2346 moveri,
1743 2301 1937 2350 neque
1954 2289 2018 2337 in
2035 2286 2245 2338 eadem
2263 2285 2393 2337 sede

189 2359 414 2424 semper
427 2359 671 2411 haerere.
689 2359 753 2410 Id
766 2374 877 2410 nos
892 2361 1119 2424 egregie
1134 2374 1207 2410 ex
1219 2359 1513 2410 veteribus
1527 2358 1897 2422 scriptoribus
1913 2357 2393 2409 demonstramus

190 2430 467 2495 Denique
487 2437 610 2482 tota
630 2430 939 2495 disputatio
961 2429 1036 2482 est
1055 2429 1292 2481 historia
1310 2428 1746 2490 mathematica,
1773 2431 1936 2493 prius
1958 2428 2298 2493 testimonijs
2320 2428 2393 2480 ab

190 2502 399 2554 ultima
426 2505 717 2554 memoria
745 2504 936 2566 petitis
966 2499 1223 2560 collecta,
1255 2501 1466 2553 deinde
1495 2503 1844 2566 geometrice
1871 2500 2276 2552 demonstrata.
2309 2500 2395 2552 Ea

190 2572 386 2625 adhuc
410 2575 474 2625 in
499 2573 676 2626 litura
702 2573 792 2625 est.
825 2572 1030 2636 Quum
1055 2588 1160 2637 per
1186 2575 1604 2637 occupationes
1630 2572 1824 2623 licebit
1849 2574 1912 2623 in
1937 2572 2164 2623 mundo
2191 2570 2393 2623 descri-

189 2644 343 2704 bere,
369 2647 596 2697 mittam
619 2645 696 2697 ad
715 2651 787 2696 te.
816 2645 1022 2696 Unum
1042 2651 1227 2695 totam
1249 2660 1375 2695 rem
1394 2643 1664 2707 transigit,
1687 2643 1727 2694 11
1746 2643 1905 2694 stella
1930 2643 2150 2707 polaris
2169 2642 2394 2706 semper

191 2715 382 2768 eidem
396 2715 528 2767 loco
542 2715 720 2776 haefit,
735 2715 969 2767 nullum
983 2715 1181 2767 locum
1196 2716 1299 2767 esse
1314 2718 1674 2780 pertinaciae:
1697 2717 1900 2766 omnia
1915 2715 2241 2773 necessari0‚
2258 2729 2392 2778 quae

190 2787 327 2847 dixi,
349 2787 625 2851 consequi
646 2787 873 2847 debere,
896 2794 1072 2851 atque
1093 2787 1244 2838 adeo
1265 2786 1499 2838 nullum
1517 2787 1620 2838 esse
1637 2793 1867 2837 motum
1885 2783 2109 2849 octavae
2129 2784 2391 2848 sphaerae.

262 2857 441 2921 Quod
472 2858 544 2909 de
576 2858 761 2910 nobili
789 2861 917 2909 viro
950 2857 1313 2910 GEORGIO
1344 2857 1800 2909 HERWARTO
1831 2857 1904 2908 ab
1935 2855 2391 2908 HOENBURG

190 2928 401 2988 scribiS,
427 2931 477 2980 is
496 2932 618 2981 iarn
638 2929 865 2981 dudum
884 2928 1032 2980 mihi
1053 2929 1124 2981 de
1145 2929 1325 2980 literis
1344 2929 1459 2980 suis
1480 2929 1556 2980 ad
1575 2944 1671 2980 me
1691 2934 1867 2979 notus
1889 2927 1979 2978 est.
2009 2927 2122 2979 Sed
2142 2927 2213 2978 de
2234 2926 2392 2978 stella

190 3000 438 3051 Veneris
465 3000 625 3064 quod
651 3000 854 3061 scribit,
880 3000 1203 3052 videndum
1223 3016 1298 3051 ne
1320 3000 1404 3051 illi
1424 2999 1634 3051 falsum
1655 2999 1896 3063 aliquod
1920 2998 2263 3050 Chronicon
2286 3000 2391 3048 im-

189 3071 442 3135 posuerit
462 3070 693 3123 homini
713 3071 1099 3131 eruditissim0‚
1121 3071 1216 3123 sed
1236 3087 1343 3135 pro
1364 3071 1467 3122 illo
1487 3086 1751 3130 munere,
1780 3070 1939 3134 quod
1959 3071 2118 3133 gerit,
2144 3084 2390 3133 occupa—

190 3143 409 3202 tissimo‚
430 3149 494 3194 ut
513 3142 597 3193 illi
616 3142 892 3194 meliores
913 3141 1180 3194 auctores
1195 3142 1494 3194 consulere
1510 3158 1633 3194 non
1647 3142 1888 3192 licuerit.
1912 3141 2071 3191 Nam
2087 3146 2150 3191 ut
2163 3147 2391 3192 taceam

191 3213 620 3273 absurditatem,
642 3215 790 3277 quiS,
818 3214 1050 3273 amabe,
1074 3213 1148 3264 est
1166 3213 1263 3264 iste
1285 3214 1590 3265 Romanus
1610 3213 1790 3264 Poeta
1809 3212 1927 3263 fine
1947 3214 2315 3275 praenomine
2337 3219 2391 3262 et

191 3282 470 3336 nomine?
490 3285 672 3335 Anno
693 3291 903 3348 quarto
924 3290 1060 3335 ante
1077 3283 1371 3336 Christum
1385 3291 1594 3335 natum
1608 3283 1721 3335 hoc
1736 3283 1991 3335 accidisse
2006 3283 2164 3334 unde
2179 3281 2390 3333 habet?

65 3364 170 3408 160r
192 3355 341 3419 Quis
361 3362 627 3408 veterum
651 3355 766 3407 hoc
791 3353 1080 3419 prodidit?
1106 3350 1126 3422 ΙΙ
1154 3355 1315 3407 Nam
1342 3355 1541 3407 nullus
1569 3370 1778 3407 eorum
1801 3354 2057 3418 quidem,
2085 3356 2186 3418 qui
2213 3353 2388 3405 hodie

2071 3424 2388 3489 supersunt,
