2652 4022
243 335 548 389 TYCHO
574 334 697 388 AD
723 333 1169 388 ANDREAM
1196 334 1648 389 VELLEIUM
1674 334 1809 403 8118
1836 335 2054 390 SEPT.
2083 336 2228 389 1599
2284 333 2375 390 177

172 484 389 531 natem.
416 479 647 531 Interea
666 478 810 530 dum
828 477 909 530 ibi
928 477 1072 538 sum,
1096 477 1350 530 relatum
1370 478 1445 530 est
1465 479 1536 531 de
1556 494 1652 531 me
1672 494 1927 544 meoque
1948 495 1980 531 e
2000 479 2196 532 Patria
2215 479 2377 532 abitu

173 550 249 602 ad
278 549 726 615 augustissimum
755 548 1178 614 Imperatorem
1207 549 1729 603 RUDOLPHUM
1760 551 2115 612 Secundum,
2149 553 2252 615 qui
2281 566 2377 602 me

171 636 315 673 mox
342 623 509 673 iuxta
532 619 753 672 Pascha
780 622 1059 685 praeteriti
1084 623 1229 672 anni
1254 620 1517 673 accerfiri
1541 621 1744 682 voluit,
1774 622 1869 674 sed
1899 629 2035 674 ante
2062 621 2378 674 Michaelis

171 691 378 744 festum
396 694 505 744 iter
523 692 661 744 inde
674 691 872 743 versus
887 690 1242 744 Bohemiam
1261 707 1386 743 non
1404 691 1637 756 suscepi,
1659 694 1819 757 quod
1839 709 2111 745 annuum
2127 700 2376 758 tempus,

102 781 124 815 ⁵
172 768 347 828 prout
360 765 423 815 in
436 765 708 816 animum
721 763 1090 823 induxeram,
1111 762 1228 814 istic
1243 763 1538 827 complere
1552 763 1783 816 vellem.
1807 765 1981 817 Circa
1998 767 2166 817 initia
2179 767 2378 829 itaque

174 832 443 888 Octobris
473 834 724 900 Pragam
754 834 953 886 versus
984 832 1409 898 profectionem
1440 834 1825 895 instituebam‚
1865 835 2064 889 relicta
2094 835 2377 888 Wandes-

171 904 340 972 burgi
366 905 596 958 familia
623 921 760 958 mea
786 905 1079 966 muliebri,
1109 905 1297 958 donec
1327 906 1398 958 de
1430 905 1679 958 Caesaris
1709 907 2141 960 clementissima
2169 907 2378 959 volun-

172 983 289 1029 tate
310 975 548 1030 edoc'tus
569 978 752 1029 essem.
780 976 1069 1030 Dresdam
1090 993 1226 1029 cum
1246 977 1613 1038 advenissem,
1638 978 1840 1030 audivi
1861 981 1923 1030 in
1944 978 2235 1031 Bohemia
2256 994 2378 1030 om-

173 1050 276 1101 nia
293 1048 526 1101 turbata
546 1049 649 1101 esse
670 1049 745 1101 ob
765 1048 980 1114 pestem
995 1055 1050 1100 et
1065 1048 1455 1114 dysenteriam
1474 1048 1591 1100 istic
1610 1050 1934 1114 grassanteS‚
1957 1050 2380 1114 Imperatorem

72 1129 130 1172 2v
173 1120 375 1185 Pragae
395 1135 521 1172 non
541 1121 661 1181 esse,
682 1119 778 1172 sed
798 1123 860 1172 in
880 1134 1078 1172 arcem
1099 1120 1403 1184 quandam
1422 1119 1692 1181 secessisse‚
1714 1127 1777 1172 ut
1796 1124 1974 1173 tutior
1989 1117 2009 1189 ΙΙ
2024 1122 2102 1181 fit.
2123 1138 2232 1174 nec
2253 1122 2381 1173 dari

174 1193 433 1256 cuipiam
452 1191 818 1244 audientiam
838 1191 946 1255 (uti
965 1190 1203 1255 vocant)
1225 1206 1426 1256 quare,
1452 1191 1671 1256 scriptis
1696 1194 1760 1243 in
1786 1192 1989 1244 aulam
2014 1193 2210 1254 literiS‚
2238 1193 2380 1257 quid

172 1262 322 1314 mihi
340 1261 679 1315 faciendum
698 1262 947 1324 restaret,
968 1261 1378 1327 percunctatus
1394 1263 1538 1315 sum.
1561 1263 1918 1328 Rescriptum
1933 1264 2008 1315 est
2021 1280 2207 1316 manu
2221 1280 2379 1329 mag-

173 1333 335 1386 nifici
354 1333 603 1386 Domini
624 1334 1075 1397 CORADUCIJ
1097 1334 1330 1400 Imperij
1357 1334 1805 1400 Procancellarij
1834 1337 1898 1386 in
1923 1335 2084 1387 hunc
2110 1336 2378 1387 modum:

175 1404 512 1458 Caesaream
543 1405 913 1458 Maiestatem
944 1405 1016 1458 de
1048 1421 1185 1458 meo
1218 1405 1506 1458 Dresdam
1537 1406 1798 1459 adventu
1831 1406 2184 1471 perlibenter
2215 1406 2380 1458 intel-

83 1494 125 1529 15
174 1476 380 1538 lexisse,
406 1484 589 1542 utque
614 1477 731 1529 istic
751 1484 854 1530 aut
873 1480 937 1529 in
954 1480 1190 1539 vicinia,
1216 1477 1258 1529 fi
1282 1478 1530 1543 Pragam
1561 1478 1839 1530 accedere
1864 1494 1989 1530 non
2013 1478 2254 1538 luberet,
2284 1494 2380 1529 me

175 1551 555 1610 continerem,
588 1564 819 1614 cupere,
852 1548 1057 1610 donec,
1090 1549 1298 1602 sedatis
1326 1550 1548 1602 morbis
1578 1550 1933 1614 epidemiciS‚
1964 1549 2105 1601 aula
2134 1549 2383 1614 dispersa

174 1619 624 1686 recolligeretur‚
653 1623 895 1682 interea,
925 1621 1027 1672 ubi
1056 1620 1367 1673 commode
1395 1621 1775 1673 collocandus
1803 1621 1923 1681 fim,
1952 1620 2203 1686 benigne
2231 1624 2380 1685 cogi-

174 1698 315 1743 tare.
344 1690 482 1755 Quo
509 1698 748 1756 accepto
774 1691 1061 1756 responso,
1081 1692 1482 1757 Witebergam
1508 1693 1720 1757 pedem
1745 1692 1934 1753 retuli,
1962 1699 2140 1757 atque
2162 1692 2279 1744 istic
2300 1693 2380 1744 di-

174 1762 359 1815 midio
392 1778 554 1815 anno
586 1769 852 1815 moratus
883 1762 1026 1823 sum,
1059 1763 1417 1827 Philippaeas
1450 1764 1607 1816 aedes
1639 1763 1996 1816 inhabitans,
2030 1765 2189 1815 Licet
2222 1766 2382 1816 enim

81 1850 127 1886 20
174 1833 363 1886 statim
387 1836 451 1886 in
476 1833 596 1886 fine
616 1834 875 1900 Ianuarij
905 1850 979 1886 ex
1005 1834 1439 1887 clementissimo
1461 1835 1711 1887 Caesaris
1736 1835 2019 1887 mandato
2039 1851 2144 1899 per
2164 1834 2382 1887 dictum

174 1905 558 1971 magnificum
597 1906 930 1958 Dominum
963 1905 1521 1959 CORADUCIUM
1561 1906 2094 1959 Procancellarium
2133 1907 2382 1971 Pragam

175 1976 372 2029 rursus
401 1977 637 2043 auguste
665 1984 720 2029 et
745 1976 1073 2029 honorifice
1104 1977 1310 2041 (habes
1339 1977 1436 2029 hic
1465 1978 1770 2030 literarum
1797 1977 2120 2042 exemplar)
2148 1977 2380 2030 accerfi-

175 2054 269 2100 tus
298 2047 417 2108 fim,
449 2055 651 2101 tamen
682 2056 819 2101 ante
850 2048 1148 2100 solstitium
1180 2049 1443 2101 aestivum
1474 2049 1653 2101 huius
1686 2052 1830 2101 anni
1862 2052 1969 2101 iter
1999 2065 2071 2100 eo
2099 2049 2381 2113 suscipere

176 2134 300 2171 non
320 2120 765 2180 concedebatur,
786 2127 913 2172 tum
931 2121 1091 2185 quod
1110 2120 1434 2172 nonnullos
1454 2121 1634 2172 libros
1650 2120 1870 2173 Caesari
1890 2121 2200 2172 destinatos
2219 2122 2381 2184 prius

81 2208 127 2243 25
176 2190 476 2243 absolvere
502 2194 890 2256 nequiverim,
915 2198 1044 2244 tum
1069 2192 1230 2256 quod
1250 2192 1325 2244 ob
1346 2191 1486 2244 filiae
1510 2198 1655 2244 natu
1680 2192 2008 2257 grandioris
2034 2191 2381 2243 invaletudi-

176 2277 316 2314 nem
345 2262 425 2314 ibi
453 2262 607 2315 ultra
634 2262 1004 2315 voluntatem
1033 2263 1339 2324 detinerer,
1372 2263 1469 2315 sed
1498 2266 1652 2315 circa
1681 2261 1900 2315 dictum
1928 2270 2160 2327 tempus
2188 2265 2382 2314 itineri

175 2348 272 2385 me
292 2336 619 2399 accingenS‚
641 2341 696 2386 et
715 2337 779 2386 in
798 2334 1039 2386 tranfitu
1053 2334 1295 2387 Dresdae
1309 2333 1508 2387 relicto
1524 2334 1830 2400 Gynaeceo
1843 2350 1980 2386 meo
2002 2334 2185 2399 (quod
2198 2334 2381 2385 Wite-

174 2403 416 2470 bergam
447 2407 603 2458 circa
631 2405 907 2458 brumam
939 2406 1385 2458 antecedentem
1414 2422 1446 2458 e
1474 2405 1920 2471 Wandesburgo
1951 2406 2027 2458 ad
2055 2421 2151 2457 me
2180 2408 2382 2457 venire

175 2474 453 2540 feceram)
475 2477 724 2542 Pragam
747 2479 900 2529 circa
924 2476 1209 2529 Iohannis
1234 2476 1455 2537 festum,
1483 2480 1666 2530 veteri
1692 2480 2123 2537 numeratione,
2151 2479 2381 2528 intravi.

81 2563 128 2599 30
177 2546 332 2610 Quae
345 2563 487 2599 vero
506 2548 656 2600 mihi
673 2548 870 2613 postea
889 2549 1005 2601 istic
1027 2555 1082 2601 et
1102 2548 1250 2601 alias
1264 2551 1327 2600 in
1341 2548 1634 2601 Bohemia
1654 2555 1994 2610 evenerunt,
2015 2564 2175 2600 nunc
2195 2548 2381 2600 brevi-

174 2617 806 2672 bus'commemorabO.

246 2689 341 2742 Ab
373 2690 549 2754 ipfius
582 2690 857 2743 Caesarea
888 2691 1193 2743 Maiestate
1226 2691 1660 2743 clementissimo
1695 2691 1898 2743 favore
1935 2698 2207 2755 acceptus
2239 2690 2382 2750 sum,

175 2760 442 2825 solusque
471 2762 724 2823 auditus,
753 2765 993 2814 nemine
1023 2763 1143 2815 alio
1175 2762 1474 2828 praesente,
1506 2770 1561 2815 et
1590 2762 1974 2828 respondente
2000 2762 2122 2826 ipso
2150 2761 2382 2813 Caesare

175 2831 586 2916 benignissimis
610 2833 820 2893 verbiS,
850 2834 1028 2898 idque
1058 2834 1281 2886 Latine.
1308 2834 1453 2886 Tres
1482 2834 1677 2895 libros,
1708 2849 1858 2898 quos
1888 2833 2062 2916 ipfius
2093 2833 2382 2884 Caesareae

82 2919 128 2954 3⁵
178 2902 504 2955 Maiestati
489 2919 553 2955 1n
570 2907 839 2969 proprias
861 2920 1078 2957 manus
1104 2904 1438 2957 humillime
1464 2907 1701 2970 porrexi
1728 2905 1823 2968 (fic
1845 2907 2005 2956 enim
2025 2903 2152 2955 fieri
2172 2903 2382 2966 voluit)

76 2982 127 3026 3
176 2972 557 3027 lubentissime
584 2978 806 3040 accepit
833 2983 887 3027 et
912 2976 1287 3040 sequentibus
1312 2992 1454 3028 mox
1478 2977 1700 3035 diebus,
1723 2971 1743 3043 ΙΙ
1764 2976 2178 3038 interdumque
2199 2974 2381 3038 usque

176 3047 240 3096 in
253 3036 505 3097 multam
518 3045 750 3098 noctem
769 3046 1076 3111 (referente
1091 3047 1408 3113 magnifico
1423 3048 1689 3099 Domino
1705 3045 2107 3109 BARVICIO)
2125 3045 2380 3110 perlegit.

178 3115 355 3167 Iussus
383 3116 510 3168 sum
538 3132 680 3168 mox
711 3117 1082 3183 Gynaeceum
1110 3134 1314 3170 meum
1343 3118 1584 3171 Dresdae
1615 3116 1882 3170 relictum
1910 3117 2127 3169 advehi
2157 3132 2380 3168 curare

177 3185 395 3239 Actum
424 3188 636 3240 deinde
666 3188 741 3239 est
769 3204 1005 3241 mecum
1034 3190 1105 3241 de
1135 3205 1340 3242 annuo
1372 3190 1600 3250 salari0‚
1635 3189 1795 3253 quod
1825 3204 1960 3240 cum
1990 3187 2240 3240 Caesaris
2271 3188 2380 3239 cle-

82 3274 130 3309 40
177 3261 416 3310 mentiae
438 3266 493 3310 et
512 3258 855 3324 benignitati
874 3260 1126 3312 liberum
1144 3261 1559 3326 relinquerem,
1581 3260 1926 3324 deputatum
1945 3259 2094 3310 mihi
2112 3259 2187 3311 est
2204 3259 2278 3311 ab
2300 3262 2381 3322 ip-

177 3328 291 3381 fius
312 3329 616 3382 Maiestate
635 3333 814 3382 trium
832 3331 1087 3383 millium
1106 3331 1472 3384 florenorum
1498 3335 1560 3383 in
1587 3338 1743 3383 certa
1767 3333 2037 3395 pecunia,
2065 3337 2120 3382 et
2146 3333 2208 3381 in
2235 3333 2380 3381 acci-

178 3400 458 3466 dentarijs
487 3401 835 3466 quibusdam
867 3401 1017 3454 alios
1048 3402 1323 3455 millenos
1355 3406 1660 3468 attingenS,
1694 3400 2112 3454 reluctantibus
2143 3402 2382 3465 quidem

322 3482 369 3517 23
2076 3472 2382 3524 nonnullis
