2678 4022
321 301 413 352 126
852 297 1291 351 EPISTOLAE
1316 298 1986 352 ASTRONOMICAE

320 457 455 494 mea
469 441 724 492 interesse
738 439 900 499 nosti,
913 439 1139 492 affatim
1153 439 1383 500 instrue,
1398 456 1613 505 meque
1626 441 1854 506 saepiuS‚
1871 444 2095 493 interea
2108 441 2251 493 dum
2264 441 2361 493 hic
2375 441 2517 502 sum,

320 515 435 564 tuis
448 512 628 563 literis
643 511 839 562 invise.
856 510 1129 563 Invenies
1139 527 1234 563 me
1246 512 1322 563 ad
1333 527 1440 576 par
1450 515 1579 576 pari
1591 507 1612 580 ΙΙ
1623 511 1998 564 referendum
2012 515 2257 564 minime
2268 512 2516 578 segnem.
2560 522 2613 565 2r

322 583 586 635 Habebis
612 583 773 634 brevi
799 581 973 645 plura
992 585 1258 634 carmina
1277 582 1353 634 ad
1374 582 1670 635 Caesarem
1691 584 1762 635 de
1782 599 1895 644 me,
1923 590 2049 635 tum
2069 599 2307 648 quoque
2327 584 2404 636 ad
2422 599 2518 635 me

321 671 358 706 a
370 656 549 718 varijs
564 654 754 704 Poetis
769 655 1137 714 concinnata,
1159 669 1295 718 quae
1309 669 1470 706 nunc
1484 654 1801 706 describere
1818 670 1943 707 non
1962 654 2138 706 licuit.
2155 654 2247 706 Tu
2266 657 2518 716 interim,

321 732 384 777 ut
404 725 603 777 Dania
625 724 971 776 Germaniae
991 724 1352 789 respondeat,
1381 724 1563 785 effice,
1589 741 1697 790 pro
1718 732 1782 777 ut
1801 728 1864 776 in
1883 733 1938 777 te
1958 726 2159 790 sponte
2179 725 2453 790 recepisti,
2479 725 2520 777 fi
2569 743 2591 777 5

320 796 500 847 modo
520 796 787 846 Iutorum
812 795 875 847 fit
900 795 1172 860 pollicitis
1199 795 1523 861 aliquando
1548 796 1709 849 stare.
1737 797 1798 849 Si
1819 812 1926 862 ego
1947 797 2216 849 Schanus
2238 796 2355 848 tale
2379 796 2520 861 quid

321 867 670 926 addixissem‚
693 873 844 918 certe
861 866 1042 918 fidem
1057 882 1256 919 meam
1273 867 1499 919 dudum
1513 868 1887 928 redemissem,
1909 875 2038 919 utut
2051 867 2264 919 fuerim
2277 883 2402 920 non
2414 870 2520 919 mi-

320 953 433 989 nus
454 953 635 1002 quam
655 944 719 989 tu
739 939 1217 1002 occupatissimus.
1239 938 1353 990 Sed
1373 938 1414 990 fi
1433 938 1629 991 adhuc
1649 940 1929 1003 promissis
1948 939 2179 1000 steteriS‚
2202 941 2309 991 erit
2329 941 2521 991 veniae

320 1009 501 1060 locus,
540 1009 698 1060 Cum
733 1009 1067 1062 HUNNIO
1102 1009 1200 1061 hic
1234 1010 1489 1062 necdum
1523 1009 1983 1062 familiaritatem
2019 1012 2300 1069 contraxi,
2336 1010 2522 1074 pridie

322 1082 481 1131 enim
494 1082 752 1144 primum
768 1079 885 1132 huc
898 1083 1052 1141 veni,
1067 1080 1162 1132 sed
1177 1080 1276 1133 fiet
1289 1081 1349 1133 id
1362 1080 1532 1133 facile
1547 1083 1610 1133 in
1623 1081 1931 1146 posterum,
1947 1084 2032 1133 uti
2050 1084 2228 1133 etiam
2242 1097 2378 1133 cum
2391 1080 2520 1132 reli-

321 1154 454 1215 quis
467 1146 488 1219 ΙΙ
502 1151 682 1203 huius
695 1151 1038 1204 Academiae
1054 1152 1325 1204 Eruditis.
1347 1152 1881 1205 POLYCARPUM
1900 1153 2364 1211 decumbentem,
2387 1167 2522 1204 cum

322 1222 563 1275 Dresdae
593 1223 776 1283 essem,
805 1223 894 1275 bis
922 1222 1104 1284 invifi,
1134 1222 1541 1275 humanissime
1568 1223 1642 1276 ab
1671 1223 1774 1275 illo
1802 1230 2099 1288 exceptus;
2130 1226 2178 1275 is
2204 1230 2260 1275 te
2286 1223 2523 1275 salutari

320 1293 523 1346 voluit.
540 1293 803 1346 Salutem
818 1296 996 1346 etiam
1010 1294 1113 1347 tibi
1127 1294 1263 1346 dicit
1276 1294 1507 1359 Hospes
1521 1310 1690 1346 meus
1705 1295 1847 1346 Dnus
1862 1293 2084 1347 Doctor
2099 1294 2524 1347 IOHANNES

322 1365 737 1425 IESSENIUS‚
760 1368 862 1430 qui
881 1365 1029 1417 mihi
1048 1368 1111 1417 in
1130 1365 1470 1430 Philippaeis
1490 1366 1634 1417 olim
1654 1366 1880 1418 aedibus
1901 1366 2278 1418 commodam
2298 1365 2522 1418 habita-

321 1439 546 1488 tionem
573 1451 680 1502 pro
709 1452 805 1488 me
833 1443 888 1489 et
913 1439 1061 1489 meis
1089 1436 1358 1489 lubenter
1384 1444 1438 1488 et
1463 1437 1751 1489 benevole
1779 1439 2055 1489 concessit.
2082 1437 2246 1496 Vale,
2278 1443 2334 1488 et
2361 1436 2524 1488 brevi

322 1507 495 1572 plura
520 1523 558 1559 a
581 1522 678 1559 me
706 1505 963 1572 expedia.
991 1507 1105 1560 Sed
1132 1508 1208 1560 da
1234 1523 1494 1573 operam,
1522 1515 1585 1560 ut
1610 1511 1958 1572 praeveniaS.
1987 1508 2189 1560 Saluta
2214 1510 2525 1573 coniugem

323 1578 691 1631 SOPHIAM
707 1580 962 1643 Neptem
975 1595 1190 1640 meam,
1205 1585 1386 1643 utque
1402 1579 1568 1631 alteri
1584 1579 1899 1632 SOPHIAE
1913 1579 2250 1643 praevaleat,
2268 1579 2523 1644 indulge.

323 1650 637 1702 Dabantur
656 1656 1039 1715 properanter
1058 1650 1434 1715 Wittebergae
1455 1650 1548 1702 die
1569 1651 1618 1703 5.
1641 1650 1986 1702 Decembris
2007 1651 2171 1702 Anni
2191 1651 2334 1703 1598.

1679 1744 1845 1796 Tuus
1870 1744 2111 1797 TYCHO
2138 1746 2382 1797 BRAHE.

1158 1886 1691 1940 POSTSCRIPTA.

387 1970 745 2022 MPURUM
761 1970 905 2022 istud
921 1977 976 2022 et
990 1970 1305 2036 calumnijs
1318 1970 1541 2023 scatens
1555 1969 1877 2022 Dithmarfi
1889 1970 2047 2022 istius
2060 1970 2350 2035 scriptum,
2366 1970 2526 2034 quod

409 2041 511 2093 tibi
534 2040 961 2105 inspiciendum
980 2041 1123 2102 mifi,
1150 2041 1405 2093 necdum
1425 2044 1635 2106 recepi,
1663 2048 1793 2093 utut
1811 2044 1875 2093 in
1894 2041 2074 2093 literis
2095 2041 2332 2102 ultimiS,
2361 2057 2525 2106 quaS‚

324 2128 459 2164 cum
472 2111 903 2178 Wandesburgi
923 2114 1107 2173 eBem,
1128 2115 1344 2178 accepi,
1365 2113 1717 2165 indicaveris
1733 2119 1788 2164 te
1807 2112 1952 2164 illud
1969 2113 2117 2164 mihi
2131 2112 2415 2173 remifisse;
2435 2112 2527 2164 fac

323 2185 511 2248 igitur,
538 2190 602 2235 ut
627 2191 857 2235 mature
883 2183 1156 2243 habeam,
1184 2200 1380 2248 neque
1407 2187 1568 2236 enim
1589 2200 1660 2236 eo
1682 2200 1879 2236 carere
1906 2185 2127 2249 possum
2152 2192 2389 2249 propter
2408 2183 2526 2243 illa,

325 2270 460 2319 quae
474 2257 535 2306 in
550 2258 815 2320 margine
830 2255 1114 2320 adscripta
1128 2262 1311 2315 erant,
1330 2262 1393 2307 ut
1406 2256 1543 2308 inde
1559 2256 1694 2308 dem
1709 2255 2074 2307 occasionem
2088 2255 2255 2307 alteri
2269 2257 2527 2319 cuipiam

324 2326 425 2377 ista
453 2324 765 2378 maledicta
793 2329 856 2377 in
884 2326 1055 2378 suum
1083 2326 1398 2378 authorem
1426 2327 1827 2392 retorquendi;
1858 2326 1952 2378 sed
1983 2326 2105 2378 luet
2128 2329 2178 2378 is
2203 2326 2366 2378 brevi
2391 2341 2527 2391 quae

324 2400 567 2449 meritus
594 2397 684 2449 est.
713 2397 927 2449 Retulit
954 2398 1025 2449 de
1052 2413 1124 2450 eo
1151 2398 1227 2450 ad
1252 2413 1347 2450 me
1375 2396 1542 2450 Doct.
1565 2397 1991 2450 IOHANNES
2013 2396 2526 2449 GOEDELMAN-

326 2468 504 2528 NUS,
533 2468 918 2520 Confiliarius
939 2469 1267 2521 Saxonicus
1289 2476 1344 2520 et
1365 2468 1742 2521 CHYTRAEI
1764 2468 1983 2527 Gener,
2011 2483 2190 2533 quem
2215 2467 2526 2533 proculdu-

324 2540 423 2591 bio
449 2539 611 2600 nosti,
640 2540 800 2604 quod
821 2539 1071 2592 URSUS
1093 2539 1190 2592 iste
1213 2539 1390 2604 plane
1412 2546 1780 2605 contemptus
1806 2539 1869 2591 fit
1896 2546 1951 2591 et
1977 2537 2267 2604 despedtui
2292 2539 2528 2591 habitus

326 2611 400 2662 ab
428 2612 703 2662 omnibus
731 2611 982 2663 cordatis
1007 2613 1149 2662 viris
1179 2617 1234 2662 et
1263 2613 1350 2676 ijs,
1381 2613 1483 2676 qui
1513 2613 1574 2663 in
1603 2611 1744 2663 aula
1769 2611 1899 2662 sunt
1925 2610 2191 2671 CaesariS,
2221 2610 2528 2675 postquam

325 2688 448 2733 tam
474 2681 753 2733 insulsum
774 2688 829 2734 et
848 2685 1230 2734 temerarium
1251 2681 1525 2747 scriptum
1550 2681 1887 2747 publicavit,
1915 2682 2137 2746 esseque
2158 2682 2232 2734 ab
2252 2681 2374 2746 ipso
2397 2681 2526 2734 Cae-

326 2752 449 2805 sare
470 2751 798 2818 neglectum
820 2760 875 2805 et
894 2753 997 2805 vili
1016 2752 1277 2818 pensum.

2419 3428 2529 3494 [Ex

2577 1453 2619 1487 15

2576 2271 2622 2305 25
