2618 3938
254 296 359 347 430
759 293 1451 346 ANNOTATIONES
1478 293 1946 346 EDITORUM

325 435 477 476 Plura
502 444 642 476 nunc
670 444 776 476 non
803 434 975 477 audeo
1003 445 1100 476 nec
1128 433 1290 476 etiam
1312 432 1515 487 possum
1535 432 1776 485 scribere,
1805 433 1927 487 quia
1945 433 2269 477 Tabellarius
2288 437 2452 489 urget,
2471 434 2583 477 152ν

254 496 310 535 ut
335 505 422 536 me
449 505 611 546 quam
637 492 868 535 citissime
895 493 1192 547 expediam,
1225 492 1316 535 sibi
1344 495 1559 547 propter
1589 492 1691 535 alia
1720 492 1959 535 maxima
1983 493 2207 548 negotia,
2238 495 2455 548 propter

255 564 375 606 quae
406 552 677 606 ablegatus
707 552 779 603 fit,
813 552 1212 606 properandum
1241 551 1354 603 esse‚
1389 551 1541 607 igitur
1570 552 1843 594 calamum
1871 563 2010 595 nunc
2039 552 2268 595 inhibeo.
2303 552 2455 595 Circa

253 611 439 654 festum
456 610 764 653 Natalitium
779 611 844 653 de
859 611 973 666 aliJ‘s
990 611 1282 665 praesertim
1304 610 1622 666 astrologicis
1642 611 1799 654 rebus
1814 611 1883 653 ad
1895 613 1948 654 te
1968 611 2307 666 perscribam,
2330 611 2455 665 quid

253 671 305 713 in
325 670 423 713 illis
444 669 643 713 diutina
663 670 986 724 experientia
1007 670 1416 721 observaverim,
1438 670 1596 724 idque
1614 669 1759 713 circa
1772 669 2089 724 potissimam
2104 670 2215 713 eius
2229 673 2453 724 partem,

254 733 305 773 et
324 741 430 772 non
452 729 650 781 dubito,
679 729 803 783 quin
822 730 915 772 tibi
933 729 1112 772 futura
1133 730 1227 772 sint
1247 730 1542 784 gratissima‚
1570 741 1699 772 nam
1720 742 1752 772 a
1771 730 1915 772 nullo
1937 729 2222 784 quicquam
2242 730 2348 773 tale
2369 742 2456 773 an-

252 791 498 832 notatum
513 792 603 831 aut
618 788 956 831 observatum
971 789 1230 843 comperi3
1253 789 1453 832 addam
1471 789 1716 843 exempla
1733 788 2070 832 nativitatum
2088 791 2234 832 certa
2251 791 2303 832 et
2319 788 2457 832 miri·

252 849 353 891 fiee
384 848 753 902 comprobata.
787 848 993 891 Mittam
1023 851 1149 891 tunc
1178 861 1285 891 una
1315 860 1439 891 cum
1469 848 1582 903 alijs
1611 847 1934 899 muneribus,
1966 859 2087 902 quae
2112 848 2196 891 vel
2222 847 2346 891 navi
2371 849 2455 892 vel

253 919 412 950 curru
441 908 691 950 Bremam
719 907 985 951 transvehi
1014 907 1216 951 curabo
1245 908 1389 964 (cum
1417 907 1741 951 Tabellarius
1771 907 2058 951 commode
2085 907 2321 961 perferre
2349 918 2457 951 non

252 966 417 1023 possit)
444 978 663 1009 carmen
682 966 944 1022 integrum
964 967 1030 1010 de
1052 967 1253 1010 Urania
1273 970 1430 1010 antea
1451 966 1822 1021 conscriptum,
1850 978 1990 1010 nunc
2010 970 2207 1019 tamen,
2229 969 2287 1009 ut
2305 967 2454 1022 petis,

253 1038 318 1069 ex
336 1029 486 1080 parte
503 1027 836 1078 mutandum,
861 1027 1004 1080 quod
1017 1026 1110 1069 tibi
1123 1037 1231 1069 non
1244 1026 1508 1080 ingratum
1522 1026 1759 1069 futurum
1775 1026 1894 1069 scio.
1917 1026 1999 1068 Ad
2013 1029 2313 1069 extremum
2326 1037 2456 1081 rogo

254 1085 461 1137 obnixe,
484 1088 789 1128 reverenter
803 1088 853 1128 et
868 1085 1102 1137 studiose,
1123 1088 1182 1128 ut
1199 1086 1584 1140 simplicitatem
1601 1097 1797 1136 meam,
1815 1097 1935 1139 quae
1950 1097 2017 1129 ex
2031 1085 2260 1128 candido
2276 1085 2456 1129 animo
2497 1099 2502 1104 ·

254 1156 317 1188 ac
338 1144 545 1187 summo
567 1156 691 1200 erga
707 1145 967 1188 Uraniam
985 1148 1137 1188 tuam
1158 1157 1344 1188 amore
1364 1144 1619 1199 procedit,
1642 1145 1769 1188 boni
1788 1145 2029 1188 consulas
2047 1156 2111 1188 ac
2129 1144 2181 1187 in
2197 1145 2457 1199 optimam

252 1207 461 1258 partem
487 1204 858 1258 interpreteris,
887 1204 1182 1259 stylumque
1210 1204 1463 1259 agrestem
1485 1206 1535 1247 et
1555 1204 1803 1247 Frificum
1828 1204 2003 1258 potius
2024 1216 2186 1258 quam
2208 1204 2457 1247 Latinum

252 1275 359 1307 non
383 1267 496 1306 tam
524 1264 821 1307 confideres
845 1267 896 1307 et
919 1264 1181 1318 respicias,
1206 1276 1372 1318 quam
1395 1263 1634 1306 animum
1655 1274 1837 1306 meum
1855 1263 1931 1305 tui
1950 1263 2178 1307 nominis
2197 1263 2456 1318 imprimis

254 1323 762 1366 observantissimum
783 1327 834 1366 et
854 1323 1281 1367 studiofissimum.
1306 1324 1446 1378 Rogo
1469 1334 1695 1377 quoque,
1716 1326 1774 1365 ut
1793 1323 1966 1376 primo
1985 1334 2196 1376 quoque
2214 1325 2457 1377 tempore

252 1382 382 1424 mihi
413 1382 748 1436 respondeas,
782 1383 1059 1437 literasque
1092 1383 1339 1425 Bremam
1371 1382 1439 1425 ad
1470 1382 1712 1424 Gerhard
1740 1382 1995 1424 Hvisman
2028 1381 2374 1436 bibliopolam
2404 1381 2458 1424 in

252 1442 427 1496 platea
443 1442 491 1485 S.
503 1442 820 1493 Catharinae,
838 1445 929 1485 aut
943 1443 1042 1485 Dn.
1060 1441 1321 1496 Ludolph.
1336 1441 1754 1484 Riddershufium
1767 1441 1876 1496 (qui
1888 1440 2177 1495 plurimum
2189 1440 2283 1484 tibi
2296 1440 2455 1493 favet,

251 1505 508 1555 tuumque
530 1502 811 1544 adversum
832 1502 1015 1545 casum
1035 1502 1151 1556 plus
1172 1501 1348 1544 decies
1362 1501 1414 1543 in
1428 1500 1588 1543 literis
1603 1500 1705 1543 hac
1721 1500 1899 1543 aestate
1914 1511 2129 1543 mecum
2144 1499 2458 1557 deploravit)

251 1561 335 1603 vel
358 1559 551 1603 directe
571 1561 655 1603 vel
677 1561 888 1615 oblique
908 1561 984 1617 (ut
1003 1560 1075 1603 ita
1095 1560 1302 1617 loquar)
1321 1572 1417 1614 per
1437 1560 1731 1603 Iohannem
1746 1559 2053 1615 Schreining
2068 1558 2124 1601 in
2139 1558 2454 1602 Hamburch

253 1618 309 1662 bi
332 1619 434 1662 der
449 1619 636 1662 Karen
656 1618 712 1661 in
733 1618 1091 1662 Rosenhirl'ch
1120 1619 1386 1676 (welcher
1408 1619 1510 1661 des
1529 1618 1662 1661 Hrn.
1683 1617 2015 1662 Stathalters
2035 1618 2148 1662 aul3
2163 1651 2290 1662 .....
2307 1617 2374 1671 is,
2400 1621 2458 1662 ut

253 1679 640 1722 Riddershufius
662 1679 730 1721 ad
751 1691 838 1722 me
859 1679 1071 1735 scripsit)
1098 1679 1166 1721 ad
1191 1679 1338 1721 illum
1365 1677 1560 1730 mittas,
1590 1677 1678 1732 qui
1698 1678 1803 1721 fine
1823 1678 1968 1721 omni
1988 1689 2159 1730 mora,
2188 1681 2346 1732 prout
2370 1689 2458 1721 me

253 1739 458 1781 summo
475 1750 660 1781 amore
675 1738 1019 1792 prosequitur,
1042 1750 1134 1781 eas
1149 1738 1218 1780 ad
1233 1749 1319 1780 me
1333 1749 1429 1792 per
1442 1740 1650 1780 certum
1662 1737 1916 1781 nuncium
1931 1737 2092 1790 dabit,
2114 1740 2165 1780 et
2179 1738 2247 1781 sic
2264 1737 2459 1792 aliquo-

250 1798 347 1840 ties
372 1798 476 1840 hac
503 1797 699 1852 hyeme
725 1809 818 1851 per
843 1797 1021 1840 literas
1042 1797 1443 1840 communicare
1464 1800 1515 1839 et
1535 1796 1879 1851 cogitationes
1898 1797 2100 1840 nostras
2121 1797 2458 1841 commodius

252 1856 494 1900 conferre
515 1856 797 1911 possumus.
827 1857 929 1900 Sed
948 1860 1006 1899 ut
1027 1859 1183 1899 antea
1204 1857 1327 1908 dixi,
1348 1856 1672 1900 Tabellarius
1691 1859 1842 1911 urget
1860 1856 2180 1911 responsum,
2206 1867 2305 1900 nec
2331 1857 2459 1900 rele-

251 1916 405 1971 gendi
422 1919 634 1970 tempus
655 1916 915 1968 concedit,
943 1919 1000 1959 ut
1022 1927 1120 1959 nec
1141 1916 1231 1958 vix
1251 1916 1532 1971 cogitandi,
1559 1916 1680 1959 ideo
1707 1916 1843 1967 haeo,
1870 1918 2028 1970 prout
2047 1916 2100 1958 in
2119 1918 2355 1959 mentem
2373 1927 2459 1959 ve-

251 1978 455 2027 nerunt,
486 1976 621 2019 inter
644 1978 724 2018 tot
748 1975 883 2018 illius
911 1976 1356 2030 interpellationes
1384 1978 1435 2018 et
1461 1974 1730 2019 distractas
1756 1974 2100 2030 cogitationes
2129 1975 2182 2018 in
2211 1975 2458 2019 chartam

250 2035 424 2089 potius
440 2034 618 2086 effudi,
636 2047 798 2089 quam
814 2035 1001 2089 scripsi.
1020 2035 1122 2078 Sed
1135 2038 1243 2078 tuae
1257 2035 1563 2090 ingenuitati
1577 2037 1629 2078 et
1642 2035 1879 2086 candori,
1897 2035 1985 2089 qui
1998 2034 2128 2078 mihi
2142 2034 2460 2078 sufficienter

252 2094 505 2149 cognitus,
540 2095 695 2148 plane
725 2095 955 2147 confido,
991 2106 1183 2149 meque
1213 2094 1507 2139 committo.
1543 2094 1698 2138 Hisce
1726 2095 1862 2147 vale,
1898 2094 2180 2149 Magnifice
2212 2093 2455 2138 Domine.

252 2155 370 2196 Dat.
393 2157 451 2196 ut
469 2153 523 2196 in
543 2154 718 2197 literis.

322 2214 374 2255 T.
392 2214 481 2256 Ex.
499 2225 663 2267 quam
684 2213 918 2267 primum
939 2214 1116 2268 quaeso
1138 2214 1405 2266 rescribat,
1427 2213 1571 2257 idem
1586 2226 1618 2257 a
1633 2225 1720 2256 me
1739 2213 1831 2256 fiet
1847 2213 2050 2268 prolixe
2065 2216 2117 2256 et
2130 2213 2196 2257 de
2210 2213 2370 2269 varijs
2386 2246 2396 2257 .
2415 2246 2426 2257 .
2445 2245 2455 2256 .

324 2356 392 2398 ad
412 2368 461 2410 p.
489 2355 611 2412 l3‚29'1
635 2356 753 2400 Hoc
774 2358 895 2400 loco
918 2357 1197 2411 adscripsit
1215 2357 1420 2411 Tycho:
1456 2360 1535 2400 »at
1560 2357 1704 2411 prius
1729 2357 1892 2400 habet
1916 2356 1969 2399 10
1989 2356 2073 2414 [ex
2097 2356 2150 2399 12
2170 2356 2327 2414 corr.]
2353 2356 2455 2399 53«.

254 2426 476 2481 Respicit
497 2427 897 2471 observationes
919 2441 950 2470 a
971 2427 1209 2471 Fabricio
1235 2428 1425 2471 missas
1450 2427 1571 2484 (vid.
1593 2431 1724 2471 tom.
1746 2428 1899 2485 XIII).
1929 2428 2038 2471 Illic
2066 2429 2134 2471 ad
2160 2428 2324 2471 finem
2349 2439 2458 2472 sec-

250 2498 406 2541 tionis
429 2499 619 2552 primae
645 2498 865 2555 (»Primo
887 2499 952 2542 de
972 2500 1008 2554 tl
1026 2499 1417 2555 Acronychio«)
1442 2499 1561 2542 haec
1589 2499 1790 2542 addidit
1810 2499 2099 2543 Fabricius:
2132 2499 2268 2542 »Nec
2288 2499 2342 2542 T.
2365 2500 2454 2543 Ex.

253 2569 505 2621 offendat,
520 2570 663 2623 quod
674 2572 796 2612 ante
811 2571 970 2624 paulo
986 2570 1137 2613 aliter
1151 2570 1419 2613 distantias
1431 2571 1468 2624 'll
1483 2582 1514 2612 a
1529 2570 1680 2614 stellis
1695 2569 1960 2624 praedid'tis
1975 2570 2240 2622 denotavi,
2256 2569 2457 2614 factum

252 2640 304 2683 id
329 2640 426 2683 fuit
453 2652 519 2683 ex
545 2641 751 2683 summa
778 2641 1117 2685 festinatione.
1148 2641 1288 2684 Nam
1315 2644 1366 2684 et
1393 2641 1583 2684 eadem
1609 2640 1763 2685 noc'te
1784 2642 2177 2686 observationes
2197 2642 2327 2685 mihi
2345 2653 2459 2697 per-

251 2712 495 2755 ficiendae
516 2715 682 2763 erant,
711 2715 762 2755 et
788 2713 938 2755 simul
959 2712 1124 2755 literae
1147 2712 1451 2756 scribendae.
1482 2712 1618 2756 Hinc
1640 2713 1814 2756 evenit
1835 2714 1978 2767 quod
1998 2713 2265 2757 distantias
2284 2712 2458 2768 prima

251 2783 470 2838 vespera
497 2783 731 2837 sumptas
756 2782 832 2840 (ut
856 2786 1006 2827 tanto
1034 2783 1256 2827 celerius
1282 2783 1394 2838 post
1414 2785 1651 2839 regulam
1673 2784 1948 2828 collimare
1968 2784 2166 2839 possem
2187 2785 2256 2828 ad
2276 2784 2459 2828 distan-

251 2854 351 2897 tias
380 2857 649 2908 utcunque
680 2857 945 2909 acceptas,
977 2866 1042 2898 ne
1071 2855 1207 2899 forte
1236 2858 1453 2910 propter
1481 2856 1648 2899 nubes
1676 2855 2098 2907 intervenientes,
2129 2859 2186 2899 ut
2216 2856 2352 2910 saepe
2380 2855 2455 2907 fit,

253 2925 550 2969 observatio
578 2925 800 2981 longiori
826 2926 1199 2969 coIIImationis
1226 2938 1381 2969 mora
1401 2925 1671 2980 protrac‘ta
1690 2927 2052 2984 impediretur)
2072 2930 2123 2970 et
2142 2927 2194 2969 in
2215 2927 2457 2970 chartula

253 2998 582 3051 consignatas
611 2997 745 3040 libro
776 3009 899 3040 meo
931 3000 982 3040 et
1010 2997 1171 3040 literis
1198 2997 1302 3040 tuis
1330 2997 1694 3052 inscripserim,
1729 3010 1854 3042 cum
1886 2999 2059 3053 potius
2090 2997 2344 3042 distantiae
2374 3009 2458 3041 ex-

254 3067 500 3112 actissime
533 3068 677 3111 circa
710 3068 946 3111 medium
978 3067 1145 3112 noctis
1179 3071 1417 3123 acceptae
1450 3072 1502 3112 et
1532 3069 1585 3112 in
1618 3070 1721 3113 alia
1753 3070 1995 3113 chartula
2026 3072 2296 3112 annotatae
2327 3068 2457 3112 mihi

253 3139 454 3183 fuissent
482 3139 929 3193 transscribendae,
961 3140 1048 3183 sed
1077 3140 1389 3184 festinationi
1418 3143 1470 3183 et
1497 3140 1853 3196 incogitantiae
1884 3153 2022 3184 meae
2051 3141 2155 3184 hoc
2185 3140 2346 3183 velim
2373 3139 2458 3182 tri-

254 3210 489 3253 buatur.«

326 3282 394 3323 ad
413 3293 461 3335 p.
489 3281 611 3338 l8‚23]
634 3282 693 3324 In
703 3271 952 3326 'eiusdem
967 3282 1167 3326 codicis
1181 3282 1288 3326 foll.
1310 3283 1422 3326 1—2
1436 3283 1581 3337 prior
1594 3283 1853 3338 reperitur
1867 3283 2204 3326 adumbratio
2218 3282 2456 3327 eiusdem

255 3351 506 3405 epistulae.
538 3353 631 3395 Illa
653 3356 848 3406 autem,
872 3366 1035 3407 quam
1055 3365 1153 3397 nos
1173 3354 1339 3397 secuti
1359 3366 1559 3406 sumus,
1586 3354 1763 3397 multis
1783 3354 1914 3398 locis
1935 3357 2178 3398 correcta
2199 3357 2292 3398 est.
2316 3354 2458 3398 Cete-
