2678 4022
113 1147 155 1182 10

109 2932 155 2966 35

103 3137 156 3322 3-1-‘2’

288 346 592 400 TYCHO
619 346 741 397 AD
770 345 996 398 OLIG.
1025 343 1848 397 ROSENCRANTZIUM
1874 345 1907 396 7
1934 344 2127 397 NOV.
2156 344 2300 396 1597
2374 344 2407 395 9

206 488 608 554 Epidemicam
628 487 914 552 Rostochij
937 486 1433 552 ingravescentem
1453 489 1515 538 in
1536 486 1867 539 Holsatiam
1888 501 1925 538 a
1944 486 2307 538 Nobilissimo
2324 489 2406 537 vi-

204 576 288 621 ro,
310 561 576 612 Domino
590 558 957 611 HENRICO
973 558 1389 610 RANZOVIO
1410 557 1590 609 literis
1607 558 1962 623 perbenigne
1978 563 2288 609 evocatum
2304 557 2406 609 dis-

205 632 416 692 cessisse,
444 633 546 695 qui
572 630 798 695 aliquot
823 630 1070 682 Arcium
1096 629 1335 681 suarum
1362 632 1600 693 optione
1627 629 1775 680 mihi
1801 629 1955 689 data,
1987 644 2168 693 quam
2194 628 2409 680 vellem

140 722 162 739 v
205 718 278 755 ex
304 705 392 768 ijs,
419 702 869 754 inhabitandam
895 702 1172 761 concessit,
1199 716 1268 752 ac
1293 700 1559 765 pluribus
1587 703 1914 752 etiamnum
1940 695 1961 768 ΙΙ
1986 699 2286 765 beneficijs
2311 715 2407 751 me

204 773 306 826 fibi
320 774 615 826 devincire
629 789 754 825 non
769 774 947 824 cessat.
970 772 1132 837 Elegi
1146 778 1346 824 autern
1363 787 1486 835 prae
1502 774 1726 823 caeteris
1740 771 1887 823 mihi
1902 771 2111 823 oblatis
2125 771 2407 823 Wandes-

202 845 471 911 burgum,
493 844 738 896 dimidio
754 843 957 896 saltem
970 845 1190 895 miliari
1205 843 1557 908 Hamburgo
1572 850 1882 902 remotum,
1905 859 1976 894 eo
1998 843 2157 907 quod
2180 845 2410 907 egregia

203 917 284 969 ibi
304 916 691 968 commoditas
710 915 1052 980 suppeteret,
1075 921 1130 967 et
1148 917 1344 966 vicina
1364 916 1583 974 civitaS,
1605 914 1763 966 unde
1784 917 1847 965 in
1867 930 2075 966 omnes
2093 914 2276 965 ferme
2295 914 2407 965 Eu-

203 1003 367 1053 ropae
392 994 587 1052 partes
612 986 890 1052 frequens
915 989 1323 1038 internuncius
1350 985 1608 1046 offertur,
1635 987 1942 1037 necessaria
1972 988 2175 1037 omnia
2200 1000 2407 1049 procu-

204 1059 375 1112 randi
386 1061 844 1124 oportunitatem
854 1057 1237 1110 sufficientem
1246 1056 1727 1109 concederet.Ubi
1738 1057 1901 1121 studij
1909 1072 1935 1108 s
1944 1057 2231 1109 consuetis
2243 1071 2408 1107 more

203 1130 373 1183 solito
398 1133 663 1196 gnaviter
688 1130 985 1190 incumb0‚
1014 1136 1069 1181 et
1092 1145 1129 1181 a
1150 1128 1554 1193 praestantibus
1575 1144 1644 1179 ac
1665 1128 1920 1180 Eruditis
1946 1128 2084 1179 hinc
2111 1128 2247 1179 inde
2267 1130 2408 1179 viris

204 1205 266 1254 in
285 1205 528 1262 maiore,
551 1217 734 1267 quarn
752 1201 992 1267 ipsemet
1012 1200 1289 1260 defidero,
1312 1207 1367 1251 et
1386 1215 1656 1264 unquam
1672 1202 1735 1251 in
1752 1200 1946 1251 Patria
1965 1198 2199 1258 factum,
2220 1201 2407 1262 pretio

204 1280 259 1325 et
284 1273 514 1326 honore
539 1273 780 1325 habeor.
811 1273 881 1324 Et
906 1272 947 1324 fi
972 1288 1096 1324 non
1123 1271 1384 1324 consulto
1410 1271 1507 1322 hic
1532 1273 1596 1322 in
1620 1273 1850 1336 vicinijs
1876 1271 2093 1322 Daniae
2119 1270 2407 1322 subfistere

202 1345 518 1405 voluissem‚
540 1345 907 1397 conditiones
926 1346 1049 1396 iarn
1069 1350 1246 1396 antea
1264 1343 1484 1394 fuissem
1505 1341 1727 1403 nactuS,
1749 1342 1955 1406 quales
1970 1342 2164 1394 Patria
2177 1344 2277 1392 vix
2296 1341 2407 1392 lar-

202 1419 441 1482 giretur;
463 1432 612 1481 quas
627 1419 805 1468 etiam
818 1431 932 1476 me,
954 1431 1136 1480 quam
1155 1418 1414 1480 primum
1434 1414 1706 1474 lubuerit‚
1729 1429 1801 1465 ex
1821 1414 2023 1465 divina
2039 1413 2409 1478 providentia

203 1489 605 1548 assecuturum,
637 1487 789 1539 nihil
817 1487 1120 1547 addubito;
1154 1492 1218 1538 ut
1246 1485 1402 1538 hanc
1432 1501 1632 1537 rerum
1659 1484 1989 1536 nostrarum
2017 1487 2409 1535 mutationem

203 1555 601 1628 neu-ntiquam
626 1559 879 1619 doleam,
908 1558 1005 1611 sed
1031 1558 1232 1610 Deum
1258 1557 1333 1609 ob
1359 1558 1419 1609 id
1444 1556 1594 1608 mihi
1617 1555 1813 1608 isthaec
1841 1558 2077 1607 evenire
2105 1554 2408 1619 permifisse

203 1630 518 1692 confidam,
552 1646 672 1695 quo
704 1630 1014 1682 meliorem
1044 1631 1109 1681 in
1139 1629 1469 1682 Germania
1500 1634 1603 1680 aut
1635 1628 1774 1680 alibi
1807 1628 2076 1679 locorum
2109 1626 2409 1678 fortunam

202 1702 525 1768 largiretur.
554 1701 733 1765 Quod
754 1708 955 1754 autem
973 1707 1095 1753 tam
1116 1701 1218 1752 diu
1236 1703 1301 1752 in
1319 1702 1656 1765 propinquo
1676 1706 1941 1750 moratus
1960 1698 2103 1758 sum,
2131 1697 2270 1749 hinc
2292 1697 2407 1749 fac-

202 1781 346 1835 tum,
368 1780 432 1826 ut
451 1773 789 1838 responsum
809 1773 886 1826 ad
904 1772 1103 1825 literas
1123 1770 1253 1823 Illmi
1274 1772 1459 1823 Ducis
1480 1770 1884 1830 ULDARICI,
1911 1785 2047 1821 meo
2069 1772 2311 1821 nomine
2333 1769 2408 1820 ad

204 1845 429 1898 Sermum
444 1845 660 1910 Regem
674 1844 934 1896 nostrum
946 1844 1303 1909 perscriptaS,
1325 1843 1538 1907 quibus
1556 1845 1735 1894 etiam
1748 1857 1900 1893 meae
1915 1839 2208 1893 adiunctae
2225 1847 2406 1899 erant,

204 1914 589 1982 expectarem.
618 1917 831 1981 Neque
858 1918 1019 1968 enim
1043 1915 1278 1979 longius
1304 1914 1733 1973 discedendum,
1761 1919 1863 1964 aut
1889 1913 2048 1977 apud
2071 1911 2219 1963 alios
2240 1912 2406 1975 Mag-

202 1995 370 2041 nates
385 1988 692 2053 quidpiam
707 1988 1058 2040 tentandum
1074 1987 1232 2046 duxi,
1255 1992 1578 2050 antequam
1597 1984 1967 2049 responfione
1988 1989 2242 2047 accepta,
2265 1999 2406 2047 qua-

202 2060 275 2112 lis
289 2062 618 2112 etiamnum
631 2060 758 2111 esset
771 2061 835 2111 in
847 2074 943 2111 me
959 2065 1015 2110 et
1026 2073 1162 2109 mea
1174 2056 1360 2109 studia
1373 2059 1609 2108 animus
1625 2056 1810 2120 RegiS,
1826 2057 2229 2119 comperirem.
2250 2053 2407 2106 Cum

202 2147 346 2183 vero
371 2131 465 2183 his
490 2130 622 2195 ipfis
648 2130 854 2183 diebus
880 2129 1036 2182 hane
1057 2129 1303 2193 adeptus
1326 2128 1446 2188 fim,
1475 2127 1715 2192 qualem
1735 2127 1809 2179 ob
1832 2126 2209 2191 quorundam
2229 2128 2291 2176 in
2311 2140 2406 2176 me

202 2202 687 2255 malevolentiam
715 2208 1088 2266 recepturum
1116 2199 1517 2265 praevidebam
1547 2199 1703 2262 (licet
1731 2214 1855 2250 non
1884 2198 2034 2249 adeo
2061 2196 2326 2260 asperam
2353 2202 2408 2247 et

140 2292 161 2309 v
204 2273 584 2337 immeritam)
605 2273 665 2326 id
685 2273 845 2338 quod
864 2280 987 2325 tam
1007 2272 1110 2324 diu
1128 2271 1487 2335 premebam,
1509 2272 1631 2321 iam
1652 2269 1900 2329 efficere,
1921 2267 2071 2320 nihil
2085 2263 2106 2335 ΙΙ
2121 2267 2287 2319 restat
2308 2267 2405 2319 ob-

203 2345 418 2398 staculi.
448 2345 743 2410 Daboque
770 2360 1031 2410 operam,
1058 2343 1292 2395 favente
1319 2343 1602 2402 Numine,
1629 2347 1694 2393 ut
1719 2343 1945 2392 nemini
1970 2338 2129 2391 isthic
2155 2338 2259 2390 lim
2285 2354 2406 2390 am-

202 2417 358 2482 plius
377 2432 513 2469 mea
531 2416 841 2482 praesentia
859 2415 1150 2467 molestus,

275 2488 546 2540 Relatum
560 2487 710 2539 mihi
723 2487 799 2539 est
812 2493 867 2539 te
881 2486 1073 2539 fratris
1086 2488 1206 2537 mei
1216 2485 1484 2536 AXILLI
1498 2483 1685 2536 filiam
1699 2481 2068 2535 SOPHIAM
2083 2484 2146 2532 in
2159 2495 2407 2532 uxorem

205 2557 534 2612 ducturum.
562 2558 741 2623 Quod
762 2558 1038 2624 equidem
1063 2558 1443 2610 lubentissime
1469 2555 1754 2616 inaudivi,
1781 2561 1958 2618 atque
1984 2556 2047 2604 in
2072 2553 2186 2604 hoc
2207 2555 2406 2604 coniu-

203 2633 298 2696 gio
325 2633 530 2683 omnia
555 2631 722 2683 vobis
749 2645 932 2695 quam
956 2629 1286 2682 faustissima
1312 2634 1367 2680 et
1394 2643 1602 2692 precor
1629 2634 1683 2678 et
1707 2641 1982 2691 auguror.
2014 2625 2083 2676 Et
2111 2624 2243 2675 licet
2271 2638 2406 2674 meo

203 2702 421 2754 iudicio
438 2701 589 2753 nihil
605 2700 817 2754 restius
833 2701 1026 2753 facere
1043 2702 1322 2765 potueriS,
1344 2714 1526 2763 quam
1546 2705 1610 2750 ut
1629 2713 1816 2750 uxore
1837 2695 2010 2749 duc'ta
2022 2703 2077 2747 te
2092 2696 2165 2747 ab
2181 2694 2408 2745 Aulicis

203 2773 586 2838 compedibus
604 2773 901 2834 liberares,
923 2788 1060 2824 curn
1080 2771 1229 2823 alios
1249 2770 1675 2823 tolerabiliores
1690 2775 1745 2820 et
1759 2771 1957 2820 minus
1977 2770 2235 2831 ingratos
2255 2765 2406 2816 futu-

203 2860 301 2896 ros
328 2844 454 2909 spes
482 2844 546 2896 fit
576 2844 882 2909 (liquidem
909 2859 1014 2908 per
1041 2846 1203 2895 viam
1231 2841 1520 2894 universae
1550 2843 1743 2893 carnis
1772 2839 2037 2891 eundum
2066 2837 2163 2900 est)
2193 2837 2407 2888 videris

203 2915 612 2976 nihilominuS,
639 2930 714 2967 ne
739 2931 844 2980 per
866 2914 1022 2967 hanc
1043 2913 1411 2967 SOPHIAM
1430 2915 1784 2977 terrigenam
1803 2910 2201 2962 sublimiorem
2222 2923 2406 2971 quan-

204 2987 351 3050 dam,
364 3002 432 3038 ac
452 2986 940 3051 Philosophicam‚
968 2987 1150 3037 Diam
1170 2985 1351 3044 illam,
1380 2991 1435 3036 et
1460 2989 1720 3035 mentem
1741 2998 1777 3033 a
1795 2983 2040 3033 terrenis
2061 2979 2406 3042 caducisque

204 3058 279 3110 ad
294 3058 467 3123 longe
483 3058 694 3110 altiora
707 3058 1027 3118 tollentem,
1049 3063 1226 3121 atque
1243 3055 1667 3108 immortalitati
1682 3053 2117 3105 consecrantem
2131 3050 2405 3114 negligas

204 3129 363 3182 Solet
393 3131 554 3180 enim
582 3131 645 3180 in
674 3124 695 3196 ΙΙ
723 3128 816 3180 his
845 3128 973 3180 fieri
1002 3129 1061 3180 id
1091 3128 1250 3192 quod
1279 3126 1636 3192 praecinebat
1667 3123 2018 3177 OVIDIUS:
2055 3118 2407 3184 Successore

204 3214 371 3253 novo
384 3198 646 3266 pellitur
661 3199 869 3253 omnis
889 3214 1081 3252 amor.
1102 3200 1182 3251 At
1202 3214 1338 3250 curn
1356 3205 1411 3250 et
1427 3197 1546 3257 illa,
1568 3203 1860 3260 quatenus
1880 3194 1988 3246 fert
2007 3193 2191 3252 sexuS,
2213 3191 2405 3243 Philo-

203 3271 441 3336 sophica
459 3270 658 3323 futura
677 3270 756 3330 fit,
777 3287 846 3323 ac
859 3272 1125 3322 Amitam
1145 3269 1530 3328 SOPHIAM,
1553 3266 1750 3332 quoad
1771 3267 1958 3324 datur,
1979 3264 2142 3316 haud
2162 3264 2405 3327 degene-

204 3358 343 3394 rans
363 3345 678 3401 imitatura,
699 3341 916 3394 sociam
936 3342 1160 3393 altioris
1180 3341 1447 3400 alicuiuS,
1469 3354 1651 3403 quam
1671 3337 1881 3402 vulgus
1902 3338 2070 3399 capit,
2092 3333 2406 3386 SOPHIAE

204 3416 400 3478 potius
421 3428 603 3477 quam
623 3412 984 3465 obstaculum
1003 3412 1145 3472 fore,
1165 3411 1449 3476 praesagio
1471 3416 1525 3462 et
1545 3415 1700 3473 opto.
2232 3475 2295 3525 Pl

347 3495 369 3529 2
2299 3490 2406 3525 ura
