2678 4022
298 296 366 348 84
831 290 1270 344 EPISTOLAE
1295 290 1964 344 ASTRONOMICAE

297 443 352 489 te
373 439 486 488 cito
506 438 568 487 in
588 436 839 499 patriam
859 433 1185 485 rediturum
1206 432 1639 485 ominabamur.
1660 433 1739 484 At
1751 448 1893 485 vero
1914 448 2038 485 non
2057 434 2219 497 prius
2233 438 2288 484 te
2303 432 2495 485 Rosto-

298 507 498 559 chium
531 505 922 569 commigrasse
957 506 1378 564 renuntiatum,
1415 519 1597 568 quam
1629 519 1701 555 ex
1733 503 1865 569 alijs
1897 506 2248 568 accepimuS‚
2283 510 2339 555 te
2375 507 2496 556 iam

297 578 433 630 inde
464 577 676 642 pedem
708 575 977 627 extulisse.
1010 575 1105 627 Ab
1136 590 1207 627 eo
1236 581 1500 639 tempore
1529 574 1733 627 frustra
1761 575 1986 639 semper
2015 573 2392 639 quaefivimus
2420 575 2493 627 de

296 649 440 701 statu
460 662 659 699 rerum
678 652 917 698 tuarum
937 662 1006 698 ac
1027 646 1098 698 de
1118 646 1364 707 sedibuS,
1393 662 1541 710 quas
1567 645 1671 698 tibi
1696 646 2077 697 constituisseS.
2107 645 2383 710 Denique
2409 649 2494 698 ni-

296 719 380 771 hil
406 721 545 771 certi
570 718 646 770 ad
672 733 782 769 nos
808 717 880 770 de
906 723 962 769 te
988 717 1283 769 ferebatur
1307 723 1519 782 praeter
1543 716 1943 769 infelicitatem
1962 719 2169 781 patriae
2194 723 2331 776 tuae,
2359 733 2495 781 quae

295 797 350 842 te
377 804 574 841 carere
600 790 788 853 posset.
817 788 1019 851 Quare
1046 791 1266 840 incerta
1292 790 1478 840 animi
1502 790 1621 840 mei
1641 788 1712 839 de
1732 788 1879 839 statu
1898 802 2097 839 rerum
2116 794 2354 839 tuarum
2373 787 2495 840 sen-

294 863 475 913 tentia
495 876 619 912 non
638 861 791 925 passa
812 860 886 911 est
905 875 1001 912 me
1016 858 1212 911 officio
1226 859 1329 910 illo
1344 875 1481 924 erga
1494 866 1548 911 te
1563 859 1743 924 fungi,
1765 858 1926 922 quod
1939 864 2003 910 tu
2016 861 2176 923 prior
2191 859 2494 923 occupasti.

294 931 472 983 Testis
493 931 568 983 est
587 933 706 983 mei
727 930 943 996 confilij
967 933 1200 982 iuvenis
1221 931 1464 994 quidam
1484 930 1961 989 MathematicuS,
1983 931 2085 994 qui
2105 928 2202 982 hic
2223 932 2339 995 agit
2359 936 2414 982 et
2433 932 2496 982 in

294 1003 490 1054 vestris
516 1002 840 1055 domesticis
864 1002 919 1054 se
946 1002 1102 1053 fuisse
1128 1001 1448 1066 profitetur.
1476 1001 1569 1053 Ab
1592 1017 1663 1053 eo
1683 1003 1943 1065 primum
1963 1006 2099 1052 ante
2120 1000 2347 1065 aliquot
2372 1001 2496 1053 dies

294 1080 349 1125 te
371 1076 433 1125 in
453 1074 606 1125 Arce
627 1074 1013 1125 Ranzoviana
1033 1073 1240 1138 degere
1261 1072 1463 1124 rescivi
1484 1078 1538 1124 et
1558 1070 1709 1124 redte
1729 1071 1785 1123 se
1807 1078 2166 1131 curaturum,
2194 1071 2234 1123 fi
2258 1072 2399 1136 quid
2419 1072 2495 1124 ad

294 1152 349 1197 te
369 1145 673 1196 literarum
686 1144 919 1196 vellem.
942 1144 1007 1196 Id
1021 1144 1403 1196 meditantem
1418 1144 1681 1208 oppressit
1694 1158 1789 1195 me
1805 1143 2093 1195 adventus
2108 1143 2341 1195 Nobilis
2356 1143 2495 1196 ado-

295 1216 576 1277 lescentiS,
597 1215 1019 1268 FRANCISCI
1033 1214 1482 1276 TEGNAGLIJ
1504 1214 1798 1266 domestici
1811 1213 1994 1274 vestri,
2017 1216 2120 1278 qui
2138 1220 2270 1266 tuas
2290 1214 2497 1279 plenas

294 1290 531 1347 amoriS,
552 1287 954 1347 humanitatiS,
977 1287 1321 1338 eruditionis
1334 1285 1482 1337 mihi
1496 1285 1702 1346 attulit,
1723 1291 1788 1338 ut
1804 1285 2072 1337 nondum
2088 1285 2495 1348 constituerim,

294 1364 493 1411 utrum
514 1358 662 1410 mihi
685 1357 940 1423 gratuler
965 1358 1036 1409 de
1063 1360 1176 1409 tuis
1203 1357 1317 1408 illis
1343 1356 1765 1409 humanissimis
1789 1356 1987 1416 literiS,
2015 1372 2095 1408 an
2121 1356 2357 1408 doleam
2382 1356 2497 1410 hoc

295 1429 558 1482 officium
577 1445 615 1482 a
632 1436 688 1481 te
707 1435 1065 1494 praereptum
1084 1428 1257 1480 fuisse.

366 1500 545 1564 Quod
576 1500 648 1552 de
680 1515 816 1552 meo
849 1515 1026 1564 opere
1059 1499 1131 1551 de
1163 1498 1578 1551 emendatione
1610 1505 1947 1563 temporum
1976 1497 2144 1550 aliter
2172 1498 2398 1552 iudicas
2427 1514 2496 1552 ac

294 1574 563 1636 imperiti,
595 1586 940 1636 quanquam
970 1573 1032 1622 in
1062 1586 1133 1622 eo
1163 1570 1413 1636 agnosco
1443 1585 1710 1621 amorem
1738 1576 1911 1621 tuum
1940 1572 2003 1621 in
2030 1585 2143 1630 me,
2172 1575 2374 1622 tamen
2400 1586 2495 1622 ex-

293 1645 504 1707 primet
533 1642 943 1694 confessionem
972 1641 1046 1693 ab
1075 1641 1207 1702 illis,
1236 1657 1332 1693 me
1361 1656 1485 1693 non
1515 1656 1760 1705 operam
1787 1640 1982 1701 lufisse,
2008 1640 2104 1692 vel
2133 1656 2205 1693 eo
2234 1644 2494 1703 nomine,

295 1714 454 1778 quod
474 1720 637 1766 tanto
657 1714 801 1765 Viro
821 1729 958 1765 mea
976 1713 1319 1777 placuerint,
1346 1711 1665 1776 prael‘ertim
1689 1710 2177 1779 φιλαληθεστάτῳ
2203 1718 2258 1764 et
2279 1712 2496 1771 harum

293 1800 492 1837 rerum
512 1784 1031 1849 intelligentissimo.
1060 1783 1290 1836 Invidia
1316 1799 1511 1848 neque
1536 1798 1697 1835 nunc
1723 1786 1982 1847 primum
2004 1798 2199 1848 neque
2219 1786 2394 1848 primi
2413 1783 2495 1836 af-

293 1855 417 1907 flati
444 1855 660 1916 summ,
692 1858 786 1907 cui
816 1861 1219 1920 opportunum
1246 1854 1302 1907 se
1330 1854 1483 1914 facit,
1514 1854 1775 1919 quisquis
1805 1854 2029 1918 aliquid
2057 1854 2230 1919 supra
2259 1862 2496 1920 captum

293 1927 614 1991 plebeculae
640 1926 791 1978 facit.
821 1927 1034 1979 Livore
1061 1926 1135 1978 ab
1161 1926 1498 1978 huiusmodi
1520 1926 1834 1991 perstringi,
1863 1925 1938 1978 est
1963 1924 2237 1978 laborum
2255 1926 2496 1979 suorum

292 1996 544 2050 fructum
570 2000 884 2062 percipere.
916 1997 976 2050 Si
1002 1997 1225 2058 scirent,
1253 2003 1544 2061 quantum
1570 1997 1791 2049 addant
1816 1996 2018 2062 gloriae
2044 1997 2253 2049 nostrae
2278 1999 2494 2062 impor-

292 2071 538 2122 tunitate
558 2068 677 2130 sua,
700 2072 928 2121 cautius
948 2075 1202 2134 agerent,
1228 2084 1411 2133 quam
1430 2076 1627 2133 agunt.
1655 2069 1777 2133 Ego
1797 2067 2015 2120 horum
2035 2071 2338 2121 neminem
2357 2068 2494 2131 vidi,

292 2139 398 2192 nifi
410 2141 907 2205 imperitissimum‚
925 2147 979 2192 et
994 2140 1153 2205 quod
1166 2140 1351 2204 pluris
1367 2139 1457 2201 est,
1473 2141 1897 2204 nequissimum.
1915 2139 2214 2204 Quicquid
2226 2139 2493 2202 scribunt,

292 2211 351 2263 id
370 2227 512 2263 vero
540 2211 759 2264 chartae
786 2211 1135 2264 detrimento
1163 2211 1253 2272 est,
1280 2227 1405 2263 non
1432 2211 1870 2263 existimationis
1895 2211 2121 2263 nostrae.
2149 2211 2241 2263 De
2268 2211 2495 2264 fimiolo

292 2282 804 2348 Heydelbergenfi,
827 2298 1004 2346 quem
1024 2282 1294 2346 trophaea
1314 2281 1719 2334 MILTIADIS
1739 2298 1864 2333 non
1883 2282 2075 2334 linunt
2095 2282 2368 2343 dormire,
2388 2285 2494 2334 mi-

292 2369 406 2405 nus
416 2356 679 2414 mirarer,
692 2353 733 2405 fi
743 2353 1356 2406 THEMISTOCLES
1369 2354 1471 2404 esse
1482 2354 1670 2418 posset.
1687 2353 1800 2405 Sed
1811 2355 2028 2405 imitari
2038 2353 2228 2405 bonos
2240 2353 2495 2406 aliorum

292 2423 607 2477 hominum
628 2424 718 2485 est,
740 2440 864 2477 non
883 2424 1303 2476 stercoreorum
1324 2430 1379 2475 et
1397 2424 1786 2476 barbarorum
1801 2430 1857 2476 et
1870 2424 1943 2476 ab
1959 2427 2124 2477 omni
2136 2440 2373 2477 morum
2386 2424 2494 2477 hu-

291 2498 574 2547 manitate
600 2497 1123 2547 remotissimorum.
1151 2495 1264 2547 Sed
1292 2495 1432 2559 quid
1458 2497 1652 2556 mirer,
1681 2511 1817 2547 eum
1842 2497 2105 2547 inveniat
2130 2495 2420 2548 secutores
2440 2502 2495 2549 et

292 2565 712 2618 admiratores?
732 2564 902 2632 εὗρεν
921 2565 1141 2630 ἄλοκας
1156 2566 1222 2619 τὸ
1242 2569 1433 2634 πῶμα.
1457 2566 1615 2629 Quid
1629 2569 1692 2618 in
1706 2566 1886 2618 literis
1900 2566 2349 2631 praeftiterimUS,
2370 2583 2495 2620 non

293 2637 367 2689 est
387 2638 629 2702 pudoris
649 2637 824 2689 nostri
845 2638 1051 2689 dicere.
1074 2637 1211 2689 Hoc
1231 2653 1421 2689 unum
1440 2640 1694 2702 ingenue
1714 2636 2075 2702 profitemur,
2095 2640 2399 2690 neminem
2411 2641 2494 2690 vi-

291 2724 445 2769 vere,
468 2711 570 2773 qui
586 2708 783 2772 plures
799 2709 873 2760 ad
888 2708 1179 2761 insaniam
1192 2708 1411 2773 scriptis
1424 2708 1540 2760 suis
1555 2709 1826 2773 adegerit.
1849 2709 1979 2770 Sed,
2001 2715 2065 2761 ut
2078 2708 2158 2770 fit,
2179 2724 2303 2762 non
2315 2712 2495 2762 unius

291 2782 519 2845 generis
539 2779 813 2831 homines
832 2780 977 2831 sunt.
1004 2779 1122 2845 Alij
1147 2796 1184 2831 a
1203 2780 1374 2832 nobis
1394 2779 1617 2831 discunt
1637 2786 1692 2831 et
1712 2779 2075 2840 dissimulant‚
2103 2796 2178 2832 ne
2199 2779 2370 2832 nobis
2390 2780 2493 2833 ali-

292 2851 434 2915 quid
448 2857 753 2915 acceptum
766 2850 971 2903 ferant.
992 2850 1111 2916 Alij
1129 2850 1330 2914 palam
1344 2857 1608 2915 carpunt,
1628 2857 1682 2902 et
1698 2857 1899 2903 tamen
1913 2850 2062 2903 nihil
2075 2851 2190 2903 illis
2203 2857 2326 2904 tam
2340 2867 2493 2917 aegre

293 2921 383 2982 est,
398 2937 580 2986 quam
591 2923 751 2986 quod
761 2921 1002 2974 illorum
1014 2920 1280 2974 auctores
1292 2937 1416 2973 non
1426 2921 1547 2982 fint,
1563 2928 1799 2986 propter
1811 2938 1946 2986 quae
1957 2928 2079 2974 tam
2090 2921 2279 2974 hostili
2289 2925 2493 2975 animo

291 3008 402 3045 nos
427 2999 648 3057 petunt.
677 2993 790 3046 Sed
811 2993 952 3057 quid
975 2993 1047 3045 de
1071 2992 1183 3045 hac
1203 2992 1346 3044 faece
1372 2995 1601 3058 generis
1627 2992 1878 3045 humani
1897 3000 1953 3045 te
1973 2992 2204 3046 morer?
2229 2996 2402 3059 igitur
2421 2994 2493 3046 de

291 3063 393 3116 illo
409 3080 585 3129 opere
600 3064 809 3125 nostro,
826 3065 986 3128 quod
999 3063 1358 3116 institueram
1372 3064 1580 3125 dicere,
1600 3063 1787 3116 fateor
1800 3079 1896 3116 me
1910 3064 2043 3128 plus
2057 3064 2292 3124 laboriS‚
2311 3079 2494 3130 quam

292 3134 586 3188 industriae
615 3135 718 3187 illo
748 3135 1057 3188 contulisse.
1088 3135 1202 3187 Vix
1232 3137 1392 3187 enim
1421 3134 1588 3187 aliter
1616 3134 1765 3187 mihi
1793 3136 2141 3200 persuadere
2170 3137 2407 3201 possum,
2438 3141 2493 3187 et

292 3206 594 3258 nobiscum
618 3206 900 3270 praeclare
922 3209 1014 3271 agi
1034 3212 1329 3271 putamus,
1356 3206 1397 3257 fi
1422 3205 1784 3258 studiofiores
1806 3222 1988 3272 quam
2008 3204 2295 3259 doctiores
2314 3206 2491 3259 habe-

292 3292 441 3329 mur.
470 3277 697 3329 Moneo
724 3284 924 3330 autem
949 3293 1045 3330 me
1071 3277 1379 3329 hominem
1401 3277 1707 3330 imbecillis
1727 3280 1943 3343 ingenij
1967 3293 2092 3330 non
2110 3278 2346 3343 potuisse
2365 3283 2490 3330 tan-

292 3354 414 3401 tam
433 3348 612 3400 telam
631 3364 986 3413 percurrere,
1008 3355 1215 3401 utnon
1235 3348 1559 3413 aliquando
1579 3348 1925 3402 humanitus
1945 3348 2493 3471 dormitarim‚a‹iung

2389 3435 2452 3471 iu

2545 735 2567 769 5

2545 935 2574 978 ·1·

2549 1089 2591 1125 10

2546 1445 2589 1480 15

2544 1801 2591 1836 20

2544 2157 2591 2192 25

2543 2358 2572 2401 ·1·

2543 2513 2590 2548 30

2542 2868 2589 2903 35

2540 3222 2588 3257 40
