2652 4022
95 1172 137 1207 10

96 1528 138 1563 15

75 1663 162 1705 51“7

93 1884 139 1919 20

94 2241 141 2274 25

96 2596 143 2631 30

98 2987 144 3022 35

117 3222 146 3265 ÷

83 3368 164 3411 52Υ

183 301 368 354 ΤΟΒ.
397 300 878 354 FISCHERUS
904 300 1026 351 AD
1053 300 1561 352 TYCHONEM
1594 298 1728 366 8118
1761 300 2024 352 MART.
2053 300 2199 352 1600
2281 301 2385 352 269

184 447 375 509 cipere
395 444 615 508 possum
634 445 944 502 maximas,
964 457 1073 506 pro
1093 443 1257 493 tanta
1276 443 1380 493 tua
1399 441 1768 494 humanitate
1789 444 2071 507 tantaque
2091 445 2155 494 in
2173 457 2270 494 me
2290 442 2384 494 be-

184 514 538 574 nevolentia
560 520 615 565 et
633 519 756 565 tam
775 513 1030 578 benigna
1043 519 1283 577 tamque
1298 515 1492 564 amica
1505 512 1580 564 ad
1595 516 1918 565 amicitiam
1930 516 2016 566 tui
2031 514 2384 566 admissione.

183 587 403 638 Amavi
423 585 698 649 equidem
717 591 773 636 te
794 591 849 636 et
869 584 1042 644 colui,
1063 583 1304 648 suspexi,
1325 583 1682 648 miratusque
1699 584 1825 636 sum
1842 585 2194 649 iampridem
2210 587 2385 636 tacito

184 657 445 721 quodam
474 655 654 716 sensu,
684 658 787 720 qui
815 670 974 707 nunc
1003 655 1212 707 lubens
1240 654 1296 706 se
1325 657 1557 719 promit,
1590 655 1888 719 magisque
1918 656 2131 720 aspirat
2159 656 2234 707 ad
2263 662 2386 707 tam

184 728 424 780 suavem
453 727 894 791 iucundamque
919 733 1038 778 tuae
1064 726 1497 778 benevolentiae
1524 741 1751 777 auram.
1783 727 2091 778 Merentur
2116 726 2175 778 id
2201 729 2387 778 virtus

183 807 302 859 tua,
323 801 644 864 ingenium,
667 798 934 857 eruditi0‚
957 799 1335 861 experientia,
1357 796 1624 861 dignitaS‚
1645 797 1928 858 maiestaS‚
1951 798 2164 862 quibus
2181 813 2276 849 me
2291 813 2386 849 ve-

183 871 270 922 lut
295 870 680 922 adamantino
705 869 947 920 vinculo
973 868 1236 928 nexuisti,
1267 868 1428 932 quod
1453 867 1621 919 nulla
1646 870 1734 919 vis
1759 868 1980 920 laxabit
2006 875 2108 920 aut
2133 868 2388 920 dissolvet

184 956 490 1005 umquam,
511 940 694 999 nulla,
717 939 886 992 crede
906 939 1072 1000 mihi,
1093 939 1472 991 obscuratura
1493 938 1567 990 est
1588 938 1824 999 oblivi0,
1846 939 2033 991 donec

387 1046 653 1100 Lumine
674 1047 921 1100 ademto
941 1045 1218 1099 animam
1237 1044 1606 1098 moribundo
1627 1060 1889 1112 corpore
1910 1045 2184 1098 fundam.

187 1155 364 1219 Quod
386 1154 486 1206 tibi
505 1153 603 1205 hic
623 1169 747 1205 non
766 1153 1057 1218 scriptum,
1083 1152 1179 1204 sed
1199 1152 1382 1204 veluti
1401 1167 1506 1217 per
1524 1151 1917 1218 syngrapham
1937 1152 2209 1216 sponsum
2229 1153 2386 1204 volo,

257 1226 495 1290 Rogavi,
523 1240 705 1289 opera
729 1232 832 1276 tua
851 1241 889 1277 a
907 1223 1275 1290 typographo
1299 1230 1362 1275 ut
1384 1223 1533 1275 mihi
1560 1238 1935 1287 comparares
1961 1229 2080 1284 tu0,
2110 1239 2387 1287 quaecun-

186 1313 301 1362 que
316 1298 420 1349 abs
433 1304 488 1348 te
504 1297 674 1356 edita,
696 1295 1011 1360 debitoque
1030 1298 1229 1360 precio
1246 1310 1342 1346 me
1358 1295 1460 1347 illa
1476 1294 1909 1359 persoluturum
1927 1295 2064 1346 dixi.
2080 1295 2216 1346 Vidi
2230 1294 2389 1358 apud

186 1367 509 1420 nonnullos
523 1367 817 1432 quaedam,
838 1382 964 1418 non
978 1369 1198 1427 omnia,
1215 1366 1375 1431 quod
1389 1382 1514 1418 non
1527 1366 1603 1418 ad
1618 1381 1728 1417 nos
1742 1365 2110 1430 perferantur
2124 1381 2161 1417 a
2175 1365 2389 1417 Biblio-

186 1439 338 1505 polis
356 1439 578 1499 nostriS,
600 1454 720 1503 quo
738 1438 942 1490 divina
958 1437 1138 1490 huius
1152 1438 1405 1490 scientiae
1418 1437 1604 1489 studia
1619 1440 1817 1502 precio
1831 1452 1991 1488 nunc
2006 1437 2164 1501 apud
2179 1436 2388 1501 pleros-

188 1526 304 1576 que
323 1511 446 1571 fint,
466 1526 591 1562 non
609 1509 766 1562 male
786 1509 1279 1574 perspicientibus
1306 1509 1392 1560 Ea
1412 1515 1779 1573 quantopere
1800 1507 2134 1568 defiderem,
2156 1523 2389 1572 nequeo

186 1582 447 1634 scribere.
469 1582 595 1646 Age
617 1596 770 1646 erg0,
788 1581 894 1632 Vir
912 1580 1240 1646 magnifice,
1262 1580 1501 1632 domine
1523 1586 1578 1631 et
1598 1582 1786 1631 amice
1808 1578 2184 1640 observande,
2206 1586 2270 1630 ut
2288 1580 2391 1630 tua

187 1655 370 1718 opera
384 1648 405 1720 ΙΙ
419 1653 494 1704 ab
513 1652 616 1704 illo
638 1668 710 1704 ea
730 1654 1054 1717 impetrem,
1077 1659 1132 1703 et
1147 1654 1591 1716 quamprimum
1604 1651 1851 1715 Pragam
1866 1650 1942 1702 ad
1957 1649 2391 1702 ERNESTUM

188 1724 625 1784 HEINCIUM,
654 1723 928 1775 Camerae
950 1723 1238 1775 Caesareae
1260 1722 1701 1788 Registratorem
1722 1729 1777 1773 et
1797 1722 2226 1785 Expeditorem‚
2255 1737 2389 1772 con-

186 1798 338 1860 iugis
375 1810 528 1846 meae
565 1794 806 1846 fratrem
842 1809 1208 1859 germanum,
1243 1794 1340 1845 vel
1371 1793 1780 1845 Vratislaviam
1819 1793 1894 1844 ad
1933 1792 2390 1845 MONAVIUM

187 1870 366 1927 mitte,
393 1881 503 1918 nec
528 1881 641 1926 me,
669 1866 829 1930 quod
853 1865 1082 1917 callidae
1104 1871 1372 1917 amantes
1392 1864 1593 1925 solent,
1621 1864 1724 1916 diu
1744 1863 2024 1916 defiderio
2044 1863 2145 1915 isto
2165 1869 2390 1926 torque.

187 1939 474 1998 Precium,
496 1937 656 2001 quod
670 1936 828 1988 volet
847 1936 962 1997 ille,
983 1936 1170 1988 statim
1183 1936 1606 1988 numerabitur.
1621 1935 1816 1986 Velim
1830 1935 1967 1987 addi
1981 1934 2390 1986 Instrumento-

188 2025 322 2061 rum
350 2015 591 2061 tuorum
621 2008 1095 2067 delineationem,
1130 2023 1311 2071 quam
1342 2022 1534 2072 nuper
1563 2006 1713 2058 mihi
1742 2006 1986 2058 ostendit
2014 2006 2286 2057 Medicus
2315 2005 2389 2056 D.

189 2078 884 2132 BARTHOLOMAEUS
905 2078 1323 2137 SWALBIUS,
1344 2081 1587 2130 intimus
1606 2093 1792 2137 meus,
1814 2080 1916 2141 qui
1936 2083 1991 2128 et
2009 2076 2207 2128 versus
2226 2091 2392 2127 meos

187 2152 291 2204 tibi
310 2157 504 2216 gratos
523 2150 680 2202 fuisse
700 2150 994 2210 narrabat,
1015 2150 1111 2202 sed
1131 2165 1169 2202 a
1186 2156 1242 2201 te
1263 2148 1522 2201 recodlos
1542 2149 1619 2201 ad
1638 2148 1882 2200 salivam
1896 2155 1951 2200 et
1965 2148 2190 2213 gustum
2203 2154 2390 2207 tuum,

191 2223 352 2288 quod
377 2222 631 2287 gaudeo;
658 2228 859 2273 tamen
879 2236 975 2273 me
995 2227 1159 2273 tanto
1179 2223 1308 2272 viro
1328 2221 1612 2285 placuisse,
1639 2220 1884 2271 summae
1906 2219 2070 2271 laudi
2090 2219 2259 2270 duc0.
2281 2218 2391 2269 Ve-

189 2309 339 2353 rum,
369 2309 514 2358 pace
540 2295 659 2353 tufi,
689 2295 893 2357 paucis
918 2299 1179 2344 mentem
1204 2307 1403 2343 meam
1430 2290 1752 2355 explicab0.
1783 2290 1995 2343 Sensus
2020 2305 2190 2342 meus
2217 2289 2307 2350 est,
2337 2295 2392 2340 te

191 2380 417 2417 errores
434 2364 718 2416 astrorum
734 2364 1043 2427 motusque
1061 2364 1365 2427 dissipatos,
1388 2362 1593 2427 quales
1613 2362 1777 2414 fuere
1797 2360 2098 2422 hactenuS,
2118 2360 2393 2425 singulari

190 2443 312 2488 arte
341 2442 396 2487 et
419 2437 573 2486 mira
600 2435 880 2487 industria
903 2437 967 2486 in
993 2435 1263 2486 ordinem
1292 2435 1558 2498 redegisse
1588 2436 1912 2493 certiorem,
1942 2433 2262 2496 Deumque
2291 2431 2394 2483 tibi

190 2510 312 2568 uni,
334 2522 512 2571 quem
533 2506 784 2558 eruditio
800 2512 855 2558 et
867 2508 1052 2558 virtus
1072 2508 1135 2558 in
1154 2505 1399 2557 sublime
1412 2511 1716 2565 vexerunt,
1738 2504 1899 2569 quod
1919 2503 2170 2556 antehac
2189 2505 2393 2567 paucis

190 2577 584 2643 particulatim
617 2578 894 2637 concessit,
927 2593 1088 2629 nunc
1121 2578 1296 2629 divite
1330 2583 1385 2628 et
1415 2576 1593 2641 pleno
1625 2576 1832 2628 Cornu
1863 2575 2159 2640 plenaque
2190 2589 2392 2634 manu,

192 2649 354 2714 quafi
373 2651 550 2700 nimis
570 2655 869 2700 tantarum
890 2664 1075 2713 opum
1093 2648 1324 2713 largum
1346 2647 1729 2712 profusorem,
1756 2646 2075 2712 suggerere,
2102 2652 2166 2697 ut
2192 2661 2392 2710 quem-

193 2720 517 2772 admodum
546 2719 766 2785 Sibylla
797 2722 1001 2784 paucis
1032 2722 1368 2784 contingere
1398 2719 1533 2771 dicit
1562 2718 1720 2783 apud
1754 2717 2191 2776 MARONEM‚
2225 2722 2290 2767 ut
2321 2731 2393 2767 ex

193 2792 351 2843 Orco
371 2791 447 2843 ad
466 2790 703 2855 superas
723 2797 1106 2852 revertantur,
1129 2797 1184 2842 et
1203 2793 1275 2856 ijs
1294 2797 1541 2850 tantum,

1242 2911 1399 2963 quos
1419 2910 1641 2963 aequus
1662 2894 1902 2948 amavit

536 2966 827 3034 Iuppiter,
851 2970 961 3021 aut
978 2968 1212 3021 ardens
1232 2967 1447 3021 evexit
1463 2968 1546 3019 ad
1561 2967 1802 3019 aethera
1825 2964 2053 3017 Virtus:

193 3078 275 3127 ita
301 3077 478 3127 etiam
503 3080 568 3126 tu
593 3073 748 3125 solus
773 3080 1036 3138 repertus
1062 3074 1148 3134 fis,
1179 3077 1274 3126 cui
1304 3075 1475 3139 digne
1505 3073 1606 3125 ista
1635 3074 1979 3136 contigerint
2004 3076 2141 3122 ante
2168 3084 2392 3128 omneS,

193 3153 367 3210 teque
378 3148 588 3197 merito
598 3160 775 3205 nunc,
791 3160 926 3209 quae
938 3152 1060 3197 tam
1073 3145 1232 3210 large
1243 3145 1522 3209 accepisti,
1538 3145 1701 3208 larga
1711 3158 1898 3194 manu
1909 3156 2147 3206 quoque
2159 3140 2395 3205 posteris

195 3217 391 3282 largiri
411 3216 638 3268 debere.
667 3215 1021 3268 Particulam
1046 3215 1304 3269 Coelitus
1323 3232 1430 3280 pro
1450 3217 1538 3277 In,
1560 3215 1655 3266 vel
1678 3213 1806 3266 Sub
1831 3212 2013 3274 Coelo,
2041 3212 2266 3276 semper
2287 3226 2393 3275 ego

195 3287 416 3340 deloco
431 3302 567 3339 cum
582 3286 858 3338 omnibus
875 3287 1179 3339 autoribus
1196 3287 1473 3345 intellexi,
1497 3292 1552 3337 et
1572 3285 1965 3336 obscuriorem
1985 3282 2133 3334 mihi
2153 3282 2394 3333 reddere

194 3359 426 3411 videtur
453 3357 697 3418 sensum,
728 3373 910 3422 quam
939 3357 977 3408 fi
1007 3358 1254 3423 legatur:
1287 3355 1444 3422 astra
1464 3355 1582 3423 sub
1611 3354 1756 3409 coeli
1778 3353 2035 3422 gemino
2065 3368 2199 3405 axe.
2232 3348 2252 3420 ΙΙ
2282 3352 2394 3473 {ed

2149 3439 2286 3488 igno
2313 3438 2392 3482 ce,
