2678 4022
295 300 364 352 72
830 294 1270 347 EPISTOLAE
1295 294 1969 347 ASTRONOMICAE

295 441 405 492 feci
431 441 752 492 certiorem.
775 437 922 490 Vale
951 443 1006 489 et
1031 436 1135 489 tibi
1163 436 1464 502 persuade,
1496 443 1550 488 et
1578 438 1682 489 tua
1709 443 1763 489 et
1789 437 2110 489 studiorum
2140 439 2500 502 optimorum

297 513 483 564 caussa
502 526 597 562 me
619 510 850 574 quidvis
872 515 1241 561 conaturum.
1264 508 1465 573 Leodij
1489 508 1659 560 XXV
1679 509 1830 574 Iunij
1855 509 1999 561 1598.

1925 604 2286 686 ERNESTUS3

1872 690 2059 727 manu
2079 690 2334 740 proprla.

298 817 371 862 [Ex
392 816 635 861 apographo
657 816 700 851 in
720 815 902 852 Archivo
923 815 1054 861 Regni
1075 815 1243 851 Daniae:
1267 814 1573 860 Diplomatario
1595 814 1866 860 Langebekii]
2552 816 2574 850 5

536 903 1119 978 GEORGIUS
1160 902 2062 977 ROLLENHAGIUS
2102 903 2264 975 AD
2552 933 2581 977 σε

1008 1007 1475 1060 TYCHONEM
1503 1007 1792 1058 BRAHE.

1376 1088 1409 1130 s
2552 1087 2600 1129 1r

529 1202 539 1205 η»
730 1163 849 1216 TSI
874 1162 1025 1214 nihil
1046 1169 1184 1222 erat,
1213 1162 1572 1214 Nobilissime
1595 1168 1649 1214 et
1669 1159 1999 1214 Doclissime
2019 1160 2317 1222 TYCHO,
2346 1160 2506 1225 quod

481 1284 490 1306 .;
627 1254 632 1257 ’
684 1241 686 1243 ’
731 1235 807 1287 ad
832 1241 888 1286 te
915 1236 1213 1299 praecipue
1240 1249 1400 1285 nunc
1426 1233 1749 1294 scriberem,
1779 1240 1980 1286 tamen
2006 1248 2142 1285 cum
2170 1232 2317 1284 forte
2344 1247 2505 1284 acce·
2559 1249 2601 1284 ιο

492 1305 503 1317 ”
518 1304 535 1314 ”
578 1306 603 1345 s*
636 1314 656 1337 ‘²‘
729 1307 888 1359 deret
910 1321 1007 1357 me
1027 1304 1397 1357 Tabellarius
1418 1305 1691 1369 Lipficus,
1719 1305 1885 1357 volui
1904 1311 1958 1357 te
1979 1304 2132 1356 hisce
2155 1303 2424 1364 salutare,
2452 1310 2507 1355 et

381 1440 389 1449 .
441 1423 443 1433 .
577 1406 610 1445 xv,
649 1385 658 1407 ²
729 1394 865 1442 quae
897 1393 1067 1429 meus
1097 1376 1293 1429 affinis
1323 1377 1398 1428 ad
1426 1392 1523 1428 me
1554 1377 1626 1428 de
1656 1376 1863 1429 URSO
1895 1383 1949 1428 et
1979 1376 2050 1428 de
2082 1373 2507 1439 exspectatione

364 1477 387 1505 ,ι
464 1501 471 1509 „
480 1452 488 1518 j
506 1446 513 1465 ¹
538 1462 557 1510 ,ς
584 1485 599 1514 ·.
630 1473 638 1494 ι
729 1452 814 1501 tui
834 1449 1038 1509 scribit,
1059 1454 1255 1500 tecum
1276 1450 1733 1500 communicare.
1756 1448 1811 1499 Is
1832 1447 2027 1499 affinis
2047 1462 2217 1498 meus
2238 1453 2361 1498 arte
2382 1448 2507 1511 qui-

324 1529 358 1554 ’«
580 1525 585 1529 ’
664 1516 696 1548 ⁹
731 1521 866 1573 dem
896 1520 970 1572 est
998 1535 1369 1585 gemmarum
1397 1518 1645 1584 scalptor
1674 1519 2025 1584 ingeniosuS,
2055 1518 2151 1570 sed
2182 1517 2378 1570 officio
2408 1533 2507 1582 ap-

296 1595 519 1656 paritor
534 1591 802 1652 Caesaris,
824 1592 1017 1656 estque
1038 1590 1152 1643 hoc
1174 1594 1317 1652 eiuS,
1340 1590 1499 1655 quod
1519 1593 1704 1651 mitt0‚
1726 1589 2202 1655 chirographum,
2223 1596 2287 1641 ut
2306 1589 2346 1641 fi
2366 1596 2509 1641 nota
2561 1606 2603 1640 15

297 1664 400 1716 tibi
429 1666 552 1715 iam
577 1670 779 1716 tamen
804 1663 926 1724 fint,
957 1662 1248 1727 intelligas
1274 1662 1353 1714 ibi
1382 1678 1620 1726 quoque
1650 1663 1977 1722 innotuisse;
2008 1661 2092 1712 fin
2121 1664 2338 1726 ignota,
2369 1660 2508 1712 deli·

297 1736 482 1796 bereS‚
499 1735 641 1800 quid
656 1735 731 1787 ad
748 1750 882 1787 eam
897 1732 1387 1798 exspectationem
1401 1734 1503 1785 tibi
1518 1733 1581 1784 fit
1594 1732 1949 1786 faciendum.
1967 1732 2145 1797 Quod
2159 1732 2309 1784 bene
2324 1738 2510 1784 vertat

298 1807 374 1859 ad
388 1807 633 1858 salutem
647 1813 813 1858 tuam
829 1812 883 1858 et
898 1806 1155 1858 Uranies
1170 1805 1337 1857 Deus
1353 1804 1486 1869 Opt.
1504 1805 1688 1866 Max„
1711 1820 1847 1857 cum
1861 1804 2003 1856 Illmo
2017 1804 2091 1856 D.
2108 1803 2510 1855 Brunsvicenfi

299 1879 370 1930 de
390 1881 626 1943 negotio
646 1885 749 1930 tuo
770 1878 1001 1930 locutus
1019 1876 1162 1928 sum.
1185 1876 1289 1928 Ille
1306 1877 1546 1941 quidem
1559 1876 1843 1941 praeclare
1858 1876 1930 1928 de
1944 1882 1999 1928 te
2013 1875 2196 1936 sentit,
2217 1875 2313 1927 sed
2327 1875 2510 1940 Regni

300 1957 354 2001 et
374 1950 544 2015 Regis
564 1949 951 2002 desertionem
972 1948 1257 2000 causatur.
1286 1948 1356 1999 Et
1377 1951 1650 2012 quamvis
1672 1947 1876 2000 causas
1896 1947 2259 1999 declararem
2278 1953 2427 2007 tuaS,
2455 1952 2510 1998 et
2560 1962 2606 1997 20

299 2022 516 2086 Regem
542 2020 617 2073 ab
645 2020 777 2086 alijs
803 2023 924 2086 regi
951 2021 1223 2080 dicerem,
1250 2026 1452 2071 tamen
1478 2019 1687 2071 manfit
1712 2022 1775 2071 in
1800 2019 2100 2080 sententia,
2128 2019 2263 2071 ideo
2291 2017 2452 2083 quod
2475 2033 2512 2070 a

297 2093 413 2145 suis
443 2092 759 2145 Nobilibus
789 2092 844 2144 se
875 2091 1074 2151 deseri,
1108 2098 1162 2143 et
1193 2106 1392 2143 coram
1424 2107 1661 2143 camera
1689 2090 1948 2143 accusari
1976 2089 2356 2142 molestissime
2386 2089 2510 2141 fert.

300 2165 584 2217 Coniunx
599 2163 960 2216 existimabat
973 2160 1421 2228 exspectandam
1434 2164 1537 2214 esse
1551 2162 1934 2224 occasionem,
1951 2177 2071 2227 qua
2083 2176 2283 2214 coram
2296 2161 2512 2226 Regem

298 2236 489 2301 ipsum
515 2238 884 2287 convenires:
913 2234 986 2286 fic
1013 2237 1218 2287 omnia
1243 2234 1414 2287 facile
1434 2241 1490 2286 te
1510 2237 1979 2298 impetraturum.
2007 2233 2283 2298 Princeps
2302 2235 2365 2284 in
2384 2235 2510 2284 vin-

300 2307 447 2359 culis
473 2306 651 2360 habet
676 2306 1004 2358 PETRUM
1026 2306 1323 2358 HAGEN
1348 2306 1410 2358 L.
1433 2306 1495 2357 L.
1524 2305 1927 2358 Salderiorum
1953 2305 2325 2357 advocatum.
2353 2303 2512 2368 Ipsos
2561 2320 2607 2355 25

300 2395 540 2444 quoque
560 2378 767 2431 fratres
788 2377 1084 2430 Salderios
1105 2377 1441 2442 Lemgaviae
1461 2377 1563 2429 sub
1581 2377 1814 2429 Comite
1835 2376 2088 2441 Lipienfi
2107 2391 2298 2440 nuper
2318 2377 2510 2440 coepit,

299 2450 644 2515 propediem
666 2449 899 2501 eosdem
919 2451 983 2500 in
1003 2449 1368 2514 Lycaoniam
1387 2448 1554 2500 suam
1575 2446 1940 2500 attracturuS.
1963 2447 2208 2499 Habent
2229 2449 2389 2498 enim
2406 2447 2510 2498 Le-

301 2537 446 2573 ones
468 2522 738 2573 Leonina
758 2516 779 2589 ΙΙ
799 2522 1053 2586 ingenia.
1082 2519 1266 2580 DeuS,
1288 2522 1351 2571 in
1372 2522 1539 2571 cuius
1559 2535 1746 2572 manu
1768 2519 1842 2571 est
1863 2535 1963 2571 cor
1983 2519 2283 2583 PrincipiS‚
2305 2518 2513 2583 dirigat
2560 2526 2614 2568 lv

300 2593 446 2644 illud
462 2593 537 2645 ad
553 2592 927 2644 clementiam
943 2598 998 2643 et
1011 2591 1300 2643 iustitiam.
1323 2591 1528 2643 Saluto
1542 2591 1889 2656 generosum
1903 2590 2100 2642 senem
2115 2590 2513 2641 Maecenatem

300 2680 503 2716 meum
519 2664 593 2716 D.
610 2663 1054 2716 HENRICUM
1069 2662 1579 2723 RANZOVIUM,
1602 2665 1774 2726 eique
1789 2661 2040 2722 facilem,
2056 2660 2321 2721 viridem,
2342 2667 2396 2712 et
2412 2660 2511 2712 lae-
2562 2676 2608 2711 30

301 2743 423 2788 tam
455 2733 807 2787 senectutem
840 2750 1063 2800 precor.
1097 2734 1269 2785 Pestis
1301 2735 1575 2798 grassatur
1606 2734 1805 2798 passim
1833 2735 1896 2784 in
1925 2735 2160 2793 vicinia,
2193 2731 2513 2797 praesertim

302 2806 712 2872 Halberstadij,
735 2814 789 2859 et
810 2807 886 2859 ad
906 2821 1017 2857 nos
1038 2808 1165 2857 eius
1185 2805 1409 2857 semina
1429 2805 1707 2869 quaedam
1728 2804 1908 2857 allata
1928 2804 2072 2856 sunt.
2102 2804 2269 2855 Deus
2289 2809 2514 2856 avertat

302 2879 599 2931 ulteriora.
622 2878 786 2930 Vale.
810 2878 985 2930 Datae
1007 2877 1101 2929 die
1122 2877 1195 2929 18.
1217 2877 1369 2942 Iunij
1393 2877 1575 2928 Anno
1596 2877 1680 2928 98.

2054 3431 2510 3484 EXEMPLUM
