2652 4022
126 1069 168 1103 lo

126 1424 167 1458 15

90 1558 197 1602 160r

119 2136 165 2170 25

118 2846 165 2881 35

60 3166 62 3168 ,
87 3122 199 3166 160v

119 3201 165 3236 40

324 272 613 325 NICOL.
643 273 1023 326 CRAGIUS
1050 274 1171 325 AD
1199 274 1704 327 TYCHONEM
1732 240 1866 341 4l14
1894 277 2082 329 DEC.
2112 277 2256 329 1599
2330 277 2421 327 213

219 428 328 474 reS,
359 417 460 478 qui
485 414 698 466 melius
727 414 907 466 horas
933 421 1064 466 tuas
1092 415 1381 468 collocare
1411 424 1593 481 poteS,
1625 425 1677 468 et
1706 433 1914 470 verum
1944 418 2019 470 est
2049 418 2208 483 quod
2238 419 2420 478 addis,

217 484 437 537 multos
451 485 666 549 absque
680 492 784 537 tua
794 485 1097 538 voluntate
1111 501 1182 538 eo
1196 493 1251 538 te
1266 487 1467 539 labore
1480 504 1819 541 exonerare.
1838 489 2056 552 Quaere
2068 505 2105 541 a
2115 489 2420 542 TYCHO-

219 555 434 616 NIDE,
456 557 595 620 quid
615 555 772 608 filius
794 557 1054 621 Magistri
1068 556 1472 610 IOHANNIS
1488 559 1918 623 MICHAELIJ
1940 563 2003 612 in
2022 561 2223 613 mensa
2242 564 2422 625 patris

218 629 495 679 narravit.
512 627 844 687 MiraberiS,
860 627 942 679 sat
955 627 1086 687 sci0‚
1102 631 1267 680 iuxta
1281 635 1457 692 atque
1471 645 1581 681 nos
1597 631 1882 683 dolemuS.
1906 632 2066 695 Quid
2080 632 2228 683 mihi
2244 635 2422 684 etiam

218 699 281 748 in
294 698 512 763 Anglia
532 705 587 750 et
607 698 809 764 Belgio
831 699 1265 763 exprobratum,
1287 702 1440 764 piget
1460 700 1691 753 referre.
1715 701 1892 766 Quod
1913 704 1985 754 de
2007 703 2419 756 DUNCANO

217 783 314 820 me
331 768 575 821 scribere
590 772 694 830 viS,
715 769 919 829 fateor,
941 771 1102 834 quod
1121 786 1214 822 res
1235 770 1325 830 est,
1347 787 1443 823 me
1463 787 1588 823 non
1607 772 1853 824 libenter
1874 773 2179 826 doctorum
2194 782 2420 826 contro-

216 839 414 905 verfijs
433 840 584 892 velle
605 841 932 901 immisceri,
959 848 1062 893 aut
1081 843 1153 907 ijs
1173 857 1395 893 nomen
1415 858 1619 894 meum
1640 843 1827 895 inseri.
1855 845 1944 895 Ac
1967 844 2196 897 fortean
2215 849 2278 897 in
2298 862 2420 898 ma-

217 913 341 962 iore
361 910 548 976 gloria
568 911 980 977 Hypotheseos
1001 912 1157 964 istius
1178 916 1442 965 inventio
1464 917 1586 973 erit,
1612 914 1652 965 fi
1672 915 2000 979 fimpliciter
2022 917 2175 968 edito
2196 917 2297 969 sub
2318 924 2421 968 tuo

217 984 460 1033 nomine
491 982 698 1047 scripto
730 983 1103 1036 illustraveris
1137 990 1192 1036 et
1224 984 1624 1048 explicaveris,
1662 1002 1844 1050 quam
1876 987 1916 1037 fi
1949 988 2422 1039 contentionibus

217 1052 632 1114 obscuraveriS,
657 1055 817 1118 quod
838 1055 1079 1119 quidem
1098 1053 1318 1107 factum
1337 1071 1462 1107 non
1481 1059 1690 1121 ignoro
1710 1060 1773 1108 in
1792 1058 2420 1123 ProgymnasmatibuS‚

215 1123 330 1175 hoc
349 1124 471 1188 ipso
492 1124 748 1185 confili0‚
771 1141 846 1177 ne
868 1129 999 1190 quis
1021 1142 1155 1178 eam
1174 1126 1274 1178 fibi
1296 1127 1570 1192 deinceps
1585 1128 1943 1188 vendicaret;
1965 1129 2059 1181 sed
2073 1130 2287 1181 vellem
2307 1130 2422 1182 hoc

215 1195 497 1259 peculiari
510 1195 718 1260 scripto
731 1196 876 1257 fieri,
892 1213 1015 1249 non
1029 1200 1111 1249 ita
1124 1198 1372 1262 prolixo,
1389 1198 1484 1250 sed
1499 1199 1659 1263 quod
1671 1202 1733 1250 in
1744 1199 1954 1251 scholis
1967 1204 2218 1265 proponi
2233 1203 2420 1266 posset.

214 1265 371 1318 Tum
395 1269 495 1318 vix
520 1267 787 1319 futurum
814 1268 1070 1333 amplius
1095 1276 1257 1333 puto,
1285 1277 1348 1321 ut
1375 1270 1685 1334 quisquam
1711 1277 1830 1322 tuae
1858 1271 2113 1336 amplius
2139 1272 2302 1324 laudi
2326 1274 2420 1324 de-

216 1345 428 1402 cerpat.
456 1338 918 1391 DUNKANUS
939 1347 1092 1391 certe
1113 1341 1393 1405 quicquid
1414 1342 1654 1393 tandem
1674 1344 1949 1406 privatim
1970 1346 2163 1408 egerit,
2190 1343 2421 1407 publice

216 1424 529 1473 nunquam
550 1425 683 1462 eam
703 1410 804 1462 fibi
824 1411 1143 1475 adrogabit,
1169 1414 1271 1476 qui
1291 1428 1366 1464 ne
1386 1428 1491 1477 per
1510 1412 1804 1464 somnium
1826 1414 2066 1478 quidem
2086 1415 2157 1466 de
2180 1430 2249 1466 ea
2271 1418 2420 1480 cogi-

215 1482 374 1539 tavit,
390 1487 712 1545 antequam
727 1497 799 1533 ex
813 1488 868 1533 te
883 1482 996 1534 hoc
1010 1489 1299 1547 tanquam
1312 1483 1649 1549 mysterium
1664 1485 2045 1549 cognosceret.
2062 1485 2239 1549 Quod
2254 1486 2422 1537 fimul

216 1566 285 1603 ac
314 1551 679 1615 patefecisses,
709 1556 956 1604 memini
982 1570 1019 1605 a
1044 1561 1099 1605 te
1129 1552 1363 1615 dictum,
1394 1556 1528 1619 plus
1559 1558 1612 1607 ei
1639 1551 1659 1623 ΙΙ
1687 1559 2208 1615 communicatum,
2240 1573 2422 1621 quam

214 1621 393 1674 frater
418 1622 581 1674 fratri
608 1624 903 1676 edisserere
929 1624 1158 1677 fortean
1177 1625 1367 1677 vellet.
1396 1627 1592 1690 Atque
1613 1630 1803 1691 reperi
1823 1630 1886 1679 in
1906 1631 2109 1691 paucis
2130 1628 2282 1680 hisce
2305 1629 2420 1680 die-

215 1693 324 1745 bus
353 1696 505 1745 inter
532 1693 772 1746 schedas
802 1711 966 1747 meas
996 1695 1279 1757 chartam,
1311 1713 1431 1761 qua
1455 1697 1605 1749 mihi
1630 1702 1849 1762 petenti
1876 1714 2011 1750 eam
2039 1699 2275 1764 signasti,
2307 1700 2421 1751 five

217 1771 353 1816 ante
381 1765 769 1818 DUNKANI
796 1766 1135 1827 adventum,
1165 1767 1279 1819 five
1307 1784 1426 1832 quo
1452 1775 1716 1833 tempore
1746 1770 1904 1834 apud
1930 1777 1985 1822 te
2012 1770 2135 1830 fuit,
2166 1773 2421 1822 incertus

214 1834 357 1887 sum.
386 1835 500 1888 Sed
519 1839 602 1887 mi
623 1837 886 1889 Domine
905 1837 1204 1899 TYCHO,
1229 1846 1428 1903 patere
1449 1846 1504 1892 te
1524 1840 1639 1892 hoc
1660 1840 1734 1892 ab
1754 1844 1947 1892 amico
1968 1844 2214 1902 moneri,
2237 1850 2299 1893 ut
2319 1858 2419 1906 po-

214 1906 428 1959 lemica
447 1910 651 1960 omnia
670 1908 936 1973 seponaS,
959 1916 1014 1961 et
1032 1924 1136 1973 per
1157 1926 1292 1974 quae
1308 1911 1542 1975 coepisti,
1563 1911 1797 1976 vestigia
1812 1913 2067 1964 incedas.
2090 1913 2420 1977 Nunquam

215 1977 430 2043 aliquis
459 1994 711 2044 magnus
741 1981 1215 2033 contentionibus
1243 1981 1367 2033 fuit.
1401 1982 1644 2047 Semper
1673 1983 1857 2047 aliqui
1886 1983 2030 2041 sunt,
2066 1987 2168 2047 qui
2197 1987 2419 2048 iniquae

214 2051 366 2113 parti
386 2052 564 2102 etiam
584 2050 800 2111 favent,
827 2067 936 2103 nec
957 2054 1277 2116 quicquam
1299 2060 1422 2104 tam
1446 2053 1625 2105 solide
1652 2070 1921 2118 unquam
1947 2054 2247 2115 refutatur,
2275 2058 2419 2119 quin

215 2120 581 2172 adversarius
600 2124 880 2182 inveniat,
902 2123 1062 2187 quod
1076 2123 1453 2188 probabiliter
1468 2133 1782 2190 oppugnet,
1804 2132 1858 2176 et
1873 2125 2091 2177 iudicia
2104 2125 2419 2178 hominum

214 2206 288 2243 ex
300 2191 494 2244 verbis
508 2195 837 2257 capiuntur,
859 2197 1000 2258 quia
1019 2210 1112 2246 res
1132 2194 1250 2246 istae
1270 2194 1504 2247 subtiles
1519 2212 1556 2247 a
1568 2199 1772 2260 paucis
1793 2197 2211 2261 intelliguntur.
2233 2198 2322 2248 Ac
2343 2213 2418 2249 ne

213 2277 318 2327 per
337 2262 487 2315 alios
507 2264 748 2328 quidem
766 2264 881 2317 hoc
901 2264 1029 2316 fieri
1046 2265 1277 2327 vellem,
1299 2282 1441 2318 nam
1461 2269 1533 2332 ijs
1554 2269 1731 2319 etiam
1751 2267 2206 2332 respondebitur,
2228 2284 2296 2320 ac
2316 2285 2420 2333 per

214 2349 422 2385 eorum
448 2334 603 2386 latus
622 2338 685 2387 in
704 2342 760 2387 te
779 2335 898 2388 tela
917 2336 1253 2401 dirigentur.
1281 2337 1510 2389 Inimici
1531 2345 1585 2390 et
1604 2339 1790 2390 invidi
1816 2339 2117 2398 habebunt
2144 2355 2216 2391 ex
2238 2339 2417 2391 scom-

212 2405 485 2466 matibuS‚
498 2406 657 2470 quod
668 2407 898 2459 rideant
912 2414 967 2459 et
980 2408 1291 2473 gaudeant,
1303 2408 1463 2460 ficuti
1477 2412 1599 2461 iam
1613 2407 1831 2462 factum
1845 2413 1908 2461 in
1922 2410 2142 2462 scurrili
2157 2411 2418 2475 quodam

213 2475 419 2540 scripto
441 2476 618 2529 URSI
643 2478 865 2530 novisti.
894 2479 1098 2543 Itaque
1126 2495 1262 2531 cum
1290 2480 1829 2533 CHRISTIANUS
1855 2488 1991 2533 tuus
2019 2482 2094 2534 ad
2120 2489 2175 2533 te
2202 2482 2416 2543 redeat,

214 2549 382 2599 cuius
407 2548 510 2600 tibi
534 2563 786 2614 magnus
812 2549 949 2601 usus
976 2551 1079 2602 esse
1105 2553 1331 2614 poterit,
1358 2559 1595 2616 pertexe
1623 2568 1757 2604 eam
1777 2552 1955 2604 telam
1977 2568 2158 2617 quam
2178 2553 2419 2605 feliciter

214 2618 376 2670 orsus
397 2634 476 2680 es,
505 2626 559 2671 et
579 2620 727 2672 cude
747 2621 917 2672 nobis
938 2637 1165 2673 novum
1185 2622 1406 2674 coelum
1426 2623 1771 2675 denascente
1792 2631 2021 2684 natura,
2051 2632 2105 2675 et
2124 2624 2417 2676 fatiscente

213 2689 491 2742 industria
515 2690 847 2743 hominum.
877 2692 1011 2744 Hac
1030 2695 1129 2744 via
1155 2693 1231 2745 ad
1257 2694 1760 2747 immortalitatem
1786 2695 2059 2746 homines
2085 2696 2416 2759 grassantur.

285 2760 378 2812 De
404 2760 731 2814 honoribus
756 2763 1004 2827 publicis
1031 2764 1190 2827 quod
1211 2764 1371 2816 estin
1393 2765 1596 2817 litteris
1618 2766 2130 2826 RosaekrantianiS‚
2159 2773 2214 2817 et
2239 2766 2416 2818 feudo

214 2831 468 2897 Imperij,
494 2847 631 2885 mea
655 2832 939 2886 sententia
964 2834 1056 2894 est,
1084 2836 1244 2899 quod
1269 2839 1431 2899 prius
1451 2843 1507 2888 te
1526 2837 1742 2888 vellem
1765 2839 1827 2888 in
1850 2838 2238 2901 possessionem
2257 2837 2417 2889 feudi

212 2904 431 2962 venire,
453 2910 777 2967 antequam
795 2904 1055 2957 honores
1074 2906 1208 2958 illos
1228 2907 1499 2968 ambires,
1522 2915 1624 2959 aut
1645 2907 1872 2960 oblatos
1893 2915 2241 2971 acceptareS‚
2268 2908 2416 2959 alias

212 2972 443 3024 fortean
462 2973 664 3026 titulus
684 2975 787 3027 tibi
806 2991 914 3040 pro
935 2992 997 3028 re
1017 2976 1275 3038 sufficiet,
1305 2985 1360 3030 et
1385 2979 1768 3043 imputabitur
1787 2978 1981 3030 honor
2001 2994 2107 3043 pro
2128 2978 2415 3030 beneficio

213 3043 375 3096 reali.
403 3044 592 3096 Simul
612 3061 680 3097 ac
700 3061 842 3098 vero
864 3047 1206 3100 consecutus
1227 3064 1288 3100 es
1308 3049 1553 3101 feudum
1579 3051 1931 3114 promissum,
1959 3056 2097 3101 tunc
2118 3050 2340 3101 nollem
2360 3057 2414 3101 te

213 3114 473 3167 honores
484 3110 506 3184 ΙΙ
516 3115 649 3168 illos
662 3116 975 3180 aspernari.
992 3119 1214 3171 Liberis
1228 3123 1344 3171 tuis
1358 3123 1439 3172 ita
1452 3121 1665 3172 melius
1681 3120 2008 3172 consultum
2023 3123 2143 3180 erit,
2160 3136 2415 3184 quorum

214 3184 495 3238 TYCHO
515 3193 652 3238 tuus
673 3202 744 3239 ea
764 3187 840 3239 eft
859 3195 1047 3244 aetate.
1069 3197 1132 3241 ut
1147 3205 1178 3241 e
1193 3206 1255 3242 re
1275 3191 1424 3243 foret
1444 3198 1674 3243 exteros
1695 3194 1815 3243 iam
1829 3191 2027 3252 visere,
2051 3198 2105 3242 et
2126 3194 2282 3255 cupit
2302 3191 2414 3243 hoc

214 3256 331 3321 ipse
350 3272 726 3322 magnopere.
755 3259 897 3311 Non
918 3260 1180 3321 dubium,
1205 3264 1350 3325 quin
1370 3262 1468 3313 ille
1489 3265 1704 3327 ingenij
1728 3263 1988 3314 bonitate
2009 3269 2063 3313 et
2083 3262 2413 3314 mansuetu-

214 3328 350 3379 dine
377 3331 600 3380 amicos
626 3330 844 3381 multos
870 3330 971 3382 fibi
995 3346 1207 3395 parare
1233 3334 1407 3396 possit,
1434 3333 1530 3385 sed
1557 3332 1869 3385 auctoritas
1898 3341 1951 3384 et
1979 3333 2320 3385 existimatio
2343 3349 2414 3385 ex

2235 3404 2413 3455 literis
