2678 4022
292 284 349 334 12
828 279 1266 332 EPISTOLAE
1292 279 1962 333 ASTRONOMICAE

291 440 424 476 rum
453 423 675 475 occafio
701 422 849 473 mihi
877 428 931 473 et
958 421 1089 487 alijs
1115 424 1178 473 in
1203 421 1495 486 posterum
1521 424 1812 474 memoria
1837 438 1961 474 non
1991 422 2281 475 excideret
2310 422 2494 488 (quod

290 503 490 547 tamen
515 498 614 546 vix
639 493 926 556 futurum)
955 493 1195 557 exposui
1221 496 1480 557 primum
1505 493 1665 545 isthic
1690 493 1860 558 prosa
1887 494 2144 546 discessus
2169 497 2288 546 mei
2309 510 2382 546 ex
2401 495 2492 546 In-

290 566 415 618 sula
440 565 710 624 Venufia,
741 564 1011 628 adeoque
1040 571 1163 616 tota
1188 564 1405 625 Dania,
1436 568 1694 616 rationes
1723 564 1998 617 brevibus
2025 565 2492 630 comprehensaS‚

289 652 548 700 moxque
571 635 820 688 dictante
841 638 1014 700 genio
1032 635 1233 687 incidit
1249 635 1510 687 Carmen
1528 636 1869 701 elegiacum,
1891 637 2051 701 quod
2071 639 2195 688 una
2213 636 2373 689 isthic
2393 637 2492 690 ad-

288 708 491 772 scripsi.
520 707 709 759 Cuius
729 706 825 758 hic
845 714 900 758 te
920 709 1264 771 participem
1284 707 1483 767 redd0‚
1509 723 1644 758 cum
1663 706 1840 759 sciam
1859 714 1915 760 te
1935 708 2181 760 Poeticis
2201 706 2491 770 delectari,

290 786 465 843 atque
493 794 565 830 ex
591 778 852 842 Pegaseis
878 777 1137 830 fontibus
1164 794 1414 830 canoras
1439 777 1677 830 haufisse
1709 778 1995 844 lymphas
2027 779 2088 831 Si
2117 782 2315 844 itaque
2346 786 2401 832 et
2428 786 2494 832 tu

288 852 505 932 pariter
524 849 905 912 responderis,
927 865 1051 901 non
1072 849 1311 932 quidem
1332 849 1672 901 consolandi
1691 852 1877 914 gratia
1895 850 2054 914 (cum
2070 850 2214 902 scias
2230 866 2326 902 me
2344 851 2494 903 nihil

288 924 351 971 in
376 920 468 972 his
495 921 696 984 asperi,
727 920 822 972 sed
848 923 1044 984 potius
1071 923 1275 972 omnia
1302 936 1374 972 ex
1400 920 1508 972 usu
1536 927 1701 985 puta·
1682 916 1833 989 -ssre),
1860 936 2070 973 verum
2095 927 2161 974 ut
2186 922 2433 975 Uraniae
2460 938 2492 975 e
2572 942 2594 960 v

289 992 490 1043 Dania
509 991 693 1043 vestra
718 994 780 1042 in
808 991 927 1043 alia
951 991 1249 1075 magisque
1275 991 1524 1057 gratiosa
1551 998 1605 1044 et
1632 993 1947 1044 commoda
1971 992 2103 1045 loca
2127 1008 2364 1045 mecum
2386 996 2492 1046 mi-

287 1066 477 1127 granti
497 1063 972 1127 Propempticum
993 1066 1327 1124 concinneS,
1355 1063 1638 1127 nobisque
1664 1066 1940 1128 utrinque
1960 1063 2033 1116 fic
2054 1064 2491 1129 congratuleris,

288 1150 414 1185 rem
439 1140 562 1186 tam
587 1134 673 1185 illi
700 1150 881 1198 quam
908 1133 1057 1185 mihi
1083 1150 1207 1186 non
1232 1104 1434 1186 sal’tem
1462 1134 1783 1186 iocundam
1810 1134 1907 1187 sed
1934 1142 1988 1187 et
2015 1142 2316 1200 acceptam
2344 1152 2492 1200 prae-

287 1206 504 1257 stiteriS.
533 1206 745 1269 Neque
773 1206 1039 1258 authoris
1065 1221 1287 1257 nomen
1313 1205 1561 1270 prodere
1589 1221 1739 1270 opus
1767 1209 1894 1258 erit:
1922 1209 2007 1258 uti
2028 1213 2083 1258 et
2101 1222 2239 1259 mea
2258 1208 2418 1271 apud
2437 1214 2493 1260 te

286 1277 502 1329 secreta
528 1277 749 1338 haberi,
779 1283 833 1328 et
859 1280 1084 1328 nemini
1112 1277 1416 1341 quidpiam
1442 1278 1579 1329 inde
1604 1280 2032 1330 communicari
2050 1278 2246 1330 velim.
2267 1278 2494 1331 Tradas

286 1351 481 1412 potius
496 1348 783 1408 Vulcan0,
805 1348 907 1400 ubi
926 1348 1149 1413 legeris.
1172 1347 1397 1400 Sufficit
1410 1351 1473 1400 in
1487 1351 1776 1401 memoria
1789 1348 2008 1401 habere
2024 1365 2143 1414 qua
2155 1349 2336 1410 valeS,
2358 1366 2492 1402 cum

289 1426 343 1471 et
363 1426 539 1471 antea
559 1419 689 1471 haec
709 1422 792 1471 ita
810 1420 865 1471 se
886 1420 1121 1480 habere,
1149 1419 1282 1472 satis
1301 1420 1590 1484 superque
1616 1423 1973 1473 memineris.
2001 1421 2246 1486 Iamque
2272 1421 2492 1486 pluries

286 1491 435 1543 vale.
458 1491 771 1543 Dabantur
791 1498 854 1543 ut
873 1491 1046 1555 supra
1066 1494 1128 1543 in
1148 1491 1344 1543 literis,
2189 1527 2240 1579 T
2283 1528 2330 1580 B

559 1681 875 1733 ALTERA
900 1680 1418 1734 POSTSCRIPTA
1444 1681 1782 1734 MINORIS
1809 1681 2218 1734 MOMENTI.

417 1776 547 1828 UM
576 1774 923 1828 Praefectum
951 1776 1137 1836 illum,
1169 1792 1347 1840 quem
1377 1776 1673 1828 discedens
1699 1776 1971 1828 Venufiae
2000 1776 2209 1829 nostrae
2237 1777 2491 1842 praefeci,

434 1847 806 1899 DAVIDEM
828 1847 1049 1899 PETRI
1069 1850 1328 1908 nomine,
1350 1848 1510 1912 apud
1528 1863 1626 1900 me
1644 1846 1967 1912 suspectum
1987 1848 2301 1901 reddiderit
2317 1849 2491 1902 Paro-

287 1919 432 1970 chus
459 1918 557 1970 ille
583 1921 743 1983 prior
763 1921 826 1970 in
845 1919 1056 1980 Insula,
1084 1921 1309 1971 interea
1335 1920 1479 1971 dum
1504 1919 1601 1971 hic
1626 1935 1862 1971 mecum
1887 1922 2014 1985 egit,
2041 1919 2233 1972 nescio
2254 1936 2334 1972 an
2354 1921 2492 1974 odio

286 1990 489 2055 aliquo
515 1993 745 2054 privato
773 2006 854 2042 an
879 1993 963 2042 rei
989 1993 1249 2050 veritate,
1281 1997 1335 2042 et
1363 1994 1514 2043 inter
1542 1990 1662 2042 alia
1690 1993 1958 2053 narratit,
1990 2006 2145 2052 eum,
2176 2007 2312 2044 cum
2337 1992 2492 2045 Patri

285 2068 389 2114 tuo
423 2065 623 2126 optim.
656 2077 832 2114 mem.
866 2061 1183 2123 inserviret,
1218 2061 1444 2126 aliquot
1476 2065 1736 2114 centenis
1769 2078 1909 2115 eum
1941 2062 2314 2124 defraudasse,
2349 2079 2492 2129 rogo

285 2133 431 2185 velis
457 2133 607 2185 mihi
631 2132 843 2185 scheda
870 2134 1072 2198 aliqua
1099 2133 1285 2186 obiter
1308 2134 1586 2195 indicare,
1617 2135 1758 2198 quid
1785 2134 1856 2186 de
1882 2133 2062 2186 huius
2087 2133 2350 2188 Praefec'ti
2375 2134 2491 2188 fide

285 2204 381 2256 vel
394 2204 555 2256 secus
574 2204 945 2269 exploratum
962 2204 1201 2257 habeas,
1224 2205 1435 2257 Nescio
1451 2208 1611 2257 enim
1626 2211 1916 2270 quantum
1929 2205 2196 2258 Parocho
2210 2206 2295 2259 isti
2308 2205 2490 2259 fiden-

287 2277 430 2328 dum
446 2276 525 2336 fit,
545 2292 680 2328 cum
698 2279 840 2340 quia
854 2276 1022 2328 alteri
1035 2276 1294 2328 infensus
1310 2283 1447 2337 erat,
1469 2282 1596 2328 tum
1611 2277 1769 2341 quod
1783 2292 1879 2329 me
1893 2276 1995 2329 fibi
2009 2280 2256 2330 omnino
2271 2281 2491 2342 optime

287 2350 637 2411 cupientem,
664 2347 838 2411 supra
858 2363 1040 2411 quam
1061 2347 1217 2399 credi
1236 2349 1424 2412 posset,
1452 2354 1588 2400 ante
1612 2348 1838 2400 abitum
1858 2348 2194 2413 despexerit,
2221 2349 2491 2414 adeoque

286 2425 350 2470 ut
380 2418 770 2470 contumelias
801 2424 855 2470 et
884 2419 1231 2478 calumniaS,
1264 2419 1432 2471 nulla
1465 2419 1536 2471 de
1566 2421 1754 2471 caussa
1781 2422 1845 2471 in
1875 2435 1940 2471 os
1969 2420 2118 2472 mihi
2147 2420 2338 2472 dicere
2367 2436 2492 2474 non

287 2490 600 2550 erubuerit,
635 2505 783 2554 quas
812 2496 1013 2542 tamen
1041 2493 1328 2555 patienter
1355 2490 1566 2552 ferenS,
1597 2506 1670 2542 ex
1699 2490 1818 2543 alto
1849 2491 2031 2552 derifi,
2064 2491 2491 2557 hominemque

285 2568 574 2625 tanquam
599 2561 685 2613 sui
711 2577 835 2613 non
862 2568 1211 2626 compotem,
1239 2561 1438 2614 addito
1463 2564 1678 2614 viatico
1706 2568 1760 2614 et
1785 2578 2050 2623 munere,
2078 2562 2280 2615 dimili.
2311 2563 2490 2627 Quod

285 2639 341 2684 te
362 2632 501 2684 scire
521 2633 701 2693 volui,
729 2648 805 2684 ne
829 2635 891 2684 in
914 2636 1032 2684 mei
1052 2635 1300 2698 gratiam
1321 2633 1627 2698 quidpiam
1648 2634 1718 2685 de
1741 2649 1812 2685 eo
1833 2633 2089 2698 amplius
2109 2634 2179 2686 fis
2198 2634 2489 2687 sollicitus.

286 2703 464 2756 Plura
477 2704 550 2756 ab
566 2704 959 2756 ESCHILLO
975 2705 1199 2756 BILLE
1213 2704 1405 2756 nostro
1420 2704 1722 2770 intelligeS‚
1745 2708 1847 2769 qui
1867 2703 1997 2757 acta
2015 2705 2192 2758 habet
2211 2708 2275 2757 in
2292 2706 2491 2761 literas

286 2774 471 2827 relata
492 2782 546 2827 et
565 2775 876 2828 testificata.
899 2776 1126 2828 Datum
1145 2783 1208 2828 ut
1228 2778 1291 2827 in
1310 2775 1618 2840 prioribuS.
2187 2811 2253 2865 T·
2281 2812 2345 2864 B·

2201 3415 2270 3480 [E
2291 3416 2487 3468 codice

2546 1083 2589 1119 10

2545 1439 2588 1475 15

2542 1867 2589 1903 20

2540 2224 2587 2259 25

2539 2581 2586 2616 30
