2638 3970
283 295 386 346 392
815 290 1251 343 EPISTOLAE
1278 291 1948 344 ASTRONOMICAE

283 438 431 486 ratio
454 432 738 484 hactenus
758 432 1172 496 praesuppofita
1193 432 1522 494 consentiet,
1552 432 1645 484 sed
1671 432 1892 493 sufficit,
1920 440 1983 485 ut
2010 449 2096 494 ea,
2124 449 2259 497 quae
2279 433 2476 485 secun-

284 507 424 557 dum
451 503 986 555 PTOLEMAEUM
1014 503 1398 564 deducuntur,
1427 503 1653 556 calculo
1679 504 2066 569 respondeant
2092 504 2477 568 Alphonfino,

282 579 363 627 ita
376 582 575 625 tamen
590 580 652 624 ut
661 575 942 638 Apogaea,
960 573 1424 627 Eccentricitates
1441 581 1495 626 et
1509 575 1899 627 dimensiones
1914 575 2146 627 orbium
2161 574 2478 627 adhibean-

283 654 390 705 tur,
427 651 600 709 prout
631 644 1001 708 Alphonfina
1031 644 1139 696 fert
1169 645 1500 706 methoduS,
1534 662 1570 697 a
1602 645 2061 698 PTOLEMAEO
2095 647 2377 710 potissima
2408 662 2480 697 ex

283 723 444 781 parte
466 717 743 775 derivata,
765 715 870 767 nisi
891 716 1050 779 quod
1064 717 1331 781 Apogaea
1351 716 1505 768 hisce
1525 717 1887 780 temporibus
1907 716 2075 769 aliter
2095 717 2478 781 applicantur.
2531 734 2551 768 ⁵

285 788 436 849 Quae
458 802 598 838 vero
620 789 783 838 iuxta
805 786 1336 840 COPERNICUM
1363 787 1529 848 fiunt,
1558 803 1630 839 ea
1650 794 1876 852 oportet
1902 787 2077 852 ipfius
2096 790 2312 852 pariter
2331 789 2481 839 datis

285 865 338 909 et
367 858 861 921 assumptionibuS,
891 860 954 908 in
983 861 1054 923 ijs
1084 874 1220 922 quae
1246 860 1425 910 modo
1453 860 1589 920 dixi,
1619 860 1806 918 inniti,
1839 866 1893 911 et
1919 859 2146 911 calculo
2172 859 2481 911 Prutenico

284 932 616 989 convenire,
650 929 827 993 idque
856 929 970 980 five
1000 932 1165 981 iuxta
1193 930 1369 994 ipfius
1397 930 1854 994 speculationem
1884 930 2082 982 Solem
2112 930 2187 981 ad
2217 936 2483 982 centrum

285 1000 553 1052 Univerfi
574 1000 981 1064 quiescentem,
1003 1003 1066 1052 in
1086 1017 1290 1053 annuo
1312 1002 1468 1062 orbe,
1492 1004 1618 1053 eius
1631 1000 1763 1052 loco
1778 1001 2046 1053 revoluta
2059 1000 2258 1061 Terra,
2278 1001 2481 1052 statue-

283 1088 433 1132 muS,
460 1071 574 1123 five
595 1074 906 1124 immutata
925 1071 1054 1132 hac,
1076 1075 1161 1124 uti
1183 1088 1289 1137 ego
1311 1073 1546 1134 ostendi,
1574 1071 1916 1137 Hypothefi,
1938 1071 2121 1124 Terra
2140 1072 2358 1124 ibidem
2377 1074 2482 1123 im·
2537 1088 2578 1122 10

284 1150 446 1195 mota
477 1150 876 1207 permanente,
911 1150 966 1194 et
997 1145 1290 1208 assumptis
1323 1144 1882 1209 Eccentroepicyclis
1913 1159 2079 1195 more
2109 1143 2483 1203 Ptolemaico‚

284 1231 419 1266 cum
447 1214 679 1266 circello
707 1218 859 1267 circa
885 1220 1166 1276 centrum,
1194 1215 1326 1267 loco
1353 1219 1661 1280 aequantis,
1688 1217 1772 1266 uti
1798 1213 1949 1267 recte
1975 1217 2236 1267 imitatus
2263 1230 2340 1266 es,
2371 1213 2485 1266 Sed

284 1286 413 1338 haec
434 1301 557 1337 non
578 1286 652 1337 est
672 1288 906 1350 proprie
927 1286 1192 1347 inversio,
1219 1286 1314 1338 sed
1341 1291 1537 1351 potius
1560 1289 1913 1352 permutatio
1935 1286 2211 1350 quaedam
2232 1281 2253 1353 ΙΙ
2275 1291 2330 1337 et
2349 1293 2615 1337 cum165v

284 1357 653 1409 Ptolemaicis
679 1356 1090 1422 hypothesium
1112 1358 1540 1410 COPERNICI
1561 1357 1909 1410 conciliatio,
1938 1356 2148 1408 Nostra
2174 1363 2374 1408 autem
2398 1358 2483 1407 in-

284 1432 542 1488 novati0‚
574 1445 710 1493 quae
737 1429 1042 1493 Epicyclos
1070 1445 1195 1481 non
1222 1432 1420 1481 minus
1451 1445 1632 1494 quam
1661 1427 1759 1480 ille
1785 1427 2035 1493 negligit,
2062 1427 2246 1479 Terra
2271 1426 2483 1479 nihilo·
2538 1443 2579 1478 15

284 1503 482 1551 minus
502 1502 750 1552 immota
769 1506 1169 1564 permanente,
1193 1503 1371 1552 etiam
1387 1500 1550 1553 aliud
1567 1500 1762 1552 adhuc
1778 1499 2130 1562 particulare
2144 1500 2401 1563 requirit,
2422 1504 2486 1550 ut

285 1574 644 1636 apparentijs
658 1572 904 1631 satisfiat,
918 1587 1097 1635 quam
1112 1587 1148 1623 a
1159 1578 1213 1623 te
1226 1574 1391 1623 iuxta
1403 1570 1830 1624 COPERNICI
1844 1572 2254 1635 proportiones
2267 1568 2486 1622 factum

287 1643 376 1694 est.
413 1643 735 1695 ostendunt
767 1643 1050 1707 liquidem
1082 1646 1463 1707 apparentiae,
1502 1643 1882 1695 Planetarum
1914 1644 2187 1693 circuitus
2218 1643 2486 1705 proprios

286 1730 409 1765 non
429 1713 708 1774 medium,
729 1715 824 1766 sed
844 1730 1068 1774 verum,
1091 1714 1360 1778 adeoque
1380 1715 1569 1779 ipsum
1590 1729 1802 1779 corpus
1817 1712 1985 1773 Solis,
2006 1712 2303 1777 respicere,
2323 1715 2405 1763 ita
2424 1718 2488 1763 ut
2536 1716 2564 1759 ἅ·

287 1786 523 1837 Martiae
552 1785 744 1845 stellae,
776 1802 911 1850 quae
940 1788 1304 1850 praecipuam
1329 1785 1426 1838 hic
1452 1788 1603 1850 parit
1629 1785 2038 1843 differentiam,
2067 1783 2486 1848 phaenomena,
2537 1800 2583 1834 20

287 1858 464 1908 etiam
496 1862 658 1908 extra
683 1856 1091 1923 Acronychios
1120 1856 1271 1917 fituS,
1303 1865 1573 1909 accurate
1604 1863 1658 1908 et
1686 1855 2083 1919 multipliciter
2111 1854 2487 1914 considerata,

287 1943 396 1978 nos
418 1928 491 1979 ad
513 1927 687 1991 ipfius
709 1928 859 1981 Solis
880 1930 1215 1993 Apogaeum
1235 1931 1400 1981 iuxta
1418 1931 1587 1981 initia
1611 1927 1735 1989 ἕξω
1754 1927 2175 1986 manuducant,
2203 1932 2267 1977 ut
2292 1925 2364 1977 de
2385 1925 2487 1977 Ec-

288 2002 642 2052 centricitate
669 2015 828 2051 nunc
854 2000 1005 2052 nihil
1033 2000 1241 2051 dicam.
1270 1998 1440 2052 Recte
1466 2007 1668 2052 tamen
1693 2015 1730 2051 a
1755 2006 1810 2051 te
1835 1997 2054 2051 factum
2080 1997 2170 2058 est,
2199 1997 2358 2061 quod
2384 2011 2487 2048 no-

287 2070 458 2121 stram
472 2070 820 2137 hypothesin
834 2072 1217 2135 Coperniceae
1233 2071 1525 2132 collatam,
1540 2078 1594 2123 et
1605 2072 1898 2135 assumptis
1911 2069 2114 2135 ijsdem
2128 2069 2488 2127 dedomeniS,

289 2142 543 2193 eundem
571 2142 833 2205 praebere
859 2144 1057 2195 fideris
1082 2142 1297 2204 locum,
1326 2159 1502 2207 quem
1526 2146 1652 2194 eius
1673 2145 1848 2207 exigit
1870 2142 2220 2200 numerati0,
2248 2140 2489 2191 demon·
2539 2156 2586 2189 25

288 2212 476 2265 strasti.
505 2214 597 2265 De
624 2213 715 2265 his
739 2230 880 2266 vero
907 2231 1011 2278 per
1037 2217 1387 2278 oportunius
1415 2217 1612 2267 ocium
1639 2213 2014 2265 deliberatius
2042 2214 2246 2276 cogita,
2274 2217 2329 2262 et
2355 2225 2490 2274 quae

288 2284 383 2335 vel
411 2283 695 2336 hactenus
724 2285 1032 2349 perfectius
1062 2285 1364 2337 elaborata
1392 2286 1592 2346 habeS‚
1627 2300 1809 2350 quam
1839 2300 1911 2336 ea
1937 2283 2084 2343 sunt,
2118 2298 2252 2347 quae
2284 2281 2490 2341 mifisti‚

289 2354 384 2406 vel
404 2356 759 2419 inposterum
781 2357 1084 2409 elaborare
1106 2357 1351 2418 dabitur,
1372 2372 1609 2408 mecum
1629 2357 2020 2407 communica.

364 2426 670 2478 Coeterum
690 2427 761 2478 de
782 2427 1176 2493 Typographo
1198 2428 1608 2479 LEMANNO
1629 2427 1701 2479 fic
1722 2426 1891 2478 habe.
1919 2426 2188 2476 Precium
2209 2424 2369 2488 quod
2389 2439 2490 2475 an-

291 2500 516 2548 notavit
530 2514 636 2561 pro
652 2498 821 2550 Balla
833 2502 1042 2564 papyri
1056 2499 1111 2550 15
1126 2498 1182 2550 fl.
1199 2501 1452 2550 nimium
1467 2499 1557 2559 est,
1578 2498 1851 2550 venditur
1866 2499 2024 2548 enim
2039 2495 2152 2556 hic,
2173 2496 2274 2547 ubi
2288 2497 2493 2547 omnia
2541 2511 2587 2546 30

291 2568 464 2632 longe
487 2572 715 2621 cariora
733 2569 863 2621 sunt
884 2586 1064 2634 quam
1082 2570 1288 2634 Lipfiae
1307 2576 1409 2621 aut
1421 2570 1792 2634 Witebergae,
1814 2583 1937 2620 una
1958 2566 2310 2619 eiuscemodi
2323 2565 2494 2618 Balla

292 2639 325 2690 8
355 2639 740 2692 Ioachimicis
772 2641 841 2693 Et
871 2657 1006 2693 cum
1028 2641 1382 2705 Witebergae
1413 2642 1595 2701 essem,
1625 2642 1792 2705 potui
1821 2655 1955 2691 eam
1981 2654 2018 2690 a
2044 2640 2357 2702 cartopoeis
2385 2652 2492 2701 pro

293 2710 495 2761 decem
515 2711 571 2763 fl.
593 2712 632 2763 fi
654 2710 805 2764 rec'te
825 2715 1087 2773 memini,
1110 2713 1389 2764 obtinere.
1410 2713 1634 2764 Verum
1655 2717 1945 2775 quantum
1965 2709 2041 2761 ad
2059 2709 2391 2761 mercedem
2411 2714 2492 2760 at-

292 2784 451 2841 tinet,
483 2798 662 2846 quam
692 2798 799 2846 pro
829 2783 1030 2836 labore
1059 2784 1163 2836 suo
1190 2783 1640 2849 Typographico
1666 2786 1730 2834 in
1755 2781 2150 2846 imprimenda
2175 2794 2299 2831 una
2324 2778 2494 2832 Balla

292 2852 555 2916 postulat,
583 2854 752 2906 facile
780 2857 930 2906 inter
954 2871 1064 2906 nos
1092 2857 1446 2915 conveniret,
1473 2854 1514 2905 fi
1539 2869 1832 2920 papyrum
1852 2848 1873 2921 ΙΙ
1894 2854 2157 2916 aequiore
2177 2853 2374 2916 precio
2395 2850 2494 2902 ad·
2513 2858 2618 2902 166r

293 2924 562 2986 hibuerit,
593 2929 674 2978 ita
702 2932 766 2977 ut
792 2927 995 2978 decem
1021 2926 1077 2978 fl.
1105 2926 1201 2978 vel
1226 2927 1301 2978 ad
1327 2926 1623 2977 summum
1648 2924 1891 2976 totidem
1916 2922 2285 2975 Ioachimicis
2313 2921 2495 2986 (quod

294 3002 493 3055 tamen
513 2997 697 3060 pluris
719 2997 808 3057 est,
831 3013 1012 3062 quam
1032 2998 1129 3050 hic
1149 3013 1273 3049 una
1293 2997 1463 3049 Balla
1481 2996 1664 3060 venit)
1686 3001 2073 3060 comparetur.
2101 2993 2238 3057 Qua
2258 2992 2329 3044 de
2349 3008 2412 3044 re
2433 2998 2496 3044 ut

295 3082 430 3118 cum
450 3068 571 3131 ipso
592 3068 896 3134 diligenter
915 3085 1051 3121 meo
1071 3072 1314 3122 nomine
1336 3084 1492 3134 agaS‚
1519 3075 1574 3119 te
1600 3073 1975 3132 peramanter
1994 3071 2265 3130 rogatum
2284 3062 2493 3123 habe0,

295 3144 475 3202 utque
497 3143 824 3204 promptius
845 3141 1143 3206 intelligat,
1171 3139 1326 3192 hanc
1348 3141 1450 3191 esse
1470 3155 1669 3191 meam
1688 3138 2050 3197 sententiam,
2076 3135 2326 3200 idipsum
2347 3134 2494 3187 Ger-

295 3212 541 3262 manicis
567 3211 760 3263 verbis
788 3212 1187 3277 consignatum
1212 3211 1416 3275 illique
1441 3210 1810 3270 tradendum,
1837 3212 1922 3261 uti
1947 3207 2192 3268 voluisti,
2219 3207 2493 3270 adiungo.
2545 3221 2591 3255 40

297 3280 612 3345 Exemplar
632 3290 847 3343 autem,
871 3285 1030 3348 quod
1051 3299 1122 3335 ea
1143 3283 1475 3343 continebit,
1499 3297 1633 3347 quae
1652 3281 1723 3334 de
1742 3281 1914 3333 Luna
1932 3282 1995 3331 in
2014 3279 2048 3331 6
2067 3278 2181 3330 illis
2203 3278 2495 3342 quaterni-

298 3352 510 3403 onibus
544 3356 888 3406 excudenda
922 3362 1107 3415 erunt,
1143 3370 1324 3419 quam
1357 3356 1616 3418 primum
1645 3353 1720 3404 ad
1749 3351 2042 3403 mundum
2076 3349 2309 3471 ‹11¹1ng
2338 3363 2497 3481 numi

2196 3435 2232 3471 a
2274 3425 2474 3471 oratur
