2678 4022
167 317 470 371 TYCHO
497 319 619 370 AD
649 319 875 372 OLIG.
903 319 1727 375 ROSENCRANTZIUM
1755 323 1817 375 10
1842 323 2044 376 AUG.
2073 324 2220 376 1598
2310 325 2367 375 91

169 461 403 514 Caetera
426 470 848 513 momentanea
874 467 928 513 et
954 462 1178 514 caduca
1203 462 1347 515 sunt.
1368 462 1638 516 Tandem
1657 464 1816 517 bona
1836 465 2009 518 causa
2027 465 2366 530 triumphat.

167 532 349 597 Reges
370 539 426 584 et
445 532 740 584 Dominos
760 532 979 584 habere
1000 533 1227 594 debent,
1252 537 1353 598 qui
1373 534 1428 586 se
1449 550 1573 586 non
1593 535 1827 597 habent,
1853 543 1908 589 et
1927 553 2051 589 non
2071 537 2366 601 concupis-

167 609 321 664 cunt,
354 619 490 668 quae
522 603 704 668 Reges
737 603 1103 669 Dominique
1134 605 1563 669 concupiscunt.
1599 606 1689 658 Illi
1720 607 1945 672 semper
1975 614 2257 668 metuant,
2292 623 2367 660 ne

89 678 117 722 ·1·
165 673 380 727 fractus
398 673 630 726 labatur
650 677 794 735 aXiS,
816 682 870 727 et
890 676 1137 739 pavidos
1157 675 1368 728 feriant
1388 679 1596 729 ruinae.
1620 677 1741 729 Rex
1757 679 1847 739 est,
1866 682 1967 743 qui
1981 682 2187 731 metuit
2200 679 2366 731 nihil.

95 763 117 797 5
166 746 302 797 Hoc
322 745 591 811 Regnum
609 745 710 798 fibi
731 746 974 811 quisque
995 747 1109 799 dat.
1132 746 1246 799 Sed
1266 747 1338 799 de
1358 747 1451 799 his
1471 748 1620 800 satiS.
1642 744 1662 816 ΙΙ

65 827 122 870 7v
235 816 416 869 AEdes
444 832 610 869 meas
640 817 970 870 Hafniacas
998 834 1106 883 pro
1136 818 1367 870 duobus
1395 819 1656 871 millibus
1686 836 1809 872 non
1836 821 2109 873 vendam.
2145 821 2367 874 Consti-

164 894 358 940 terunt
371 887 536 948 mihi,
551 895 873 953 antequam
887 889 1096 941 ultimo
1110 890 1191 942 ibi
1206 891 1388 950 essem,
1405 897 1460 942 et
1475 891 1752 955 quaedam
1766 894 1828 943 in
1843 894 1913 957 iJ's
1926 892 2366 957 complevissem,

164 959 319 1011 ultra
337 959 479 1012 3000
498 958 956 1012 Ioachimorum.
978 959 1146 1012 Tunc
1165 976 1308 1013 vero
1328 964 1429 1013 vix
1450 964 1604 1014 intra
1623 962 1898 1014 millenos
1918 966 1981 1015 in
2002 979 2102 1015 eas
2122 964 2367 1015 ulterius

166 1033 419 1096 erogavi,
447 1031 597 1083 Satis
618 1031 693 1083 est
713 1031 979 1084 constans
1001 1031 1296 1093 ssrudtura,
1325 1049 1461 1097 quae
1487 1033 1619 1098 alijs
1639 1036 1702 1086 in
1723 1034 1975 1086 Civitate
1998 1034 2246 1099 lapideis
2266 1035 2366 1086 do-

74 1119 116 1154 ιο
163 1102 358 1155 mibus
378 1103 688 1155 duratione
708 1102 813 1155 sua
831 1119 955 1154 non
972 1104 1151 1155 cedet.
1173 1104 1300 1155 Nec
1313 1103 1532 1156 fundus
1546 1104 1644 1156 ille
1659 1105 1991 1170 paludosuS,
2015 1121 2193 1170 quem
2206 1113 2369 1158 tanta

164 1180 288 1226 arte
315 1174 643 1235 emendavi,
670 1174 1148 1239 ponderofiorem
1173 1174 1448 1228 sustinuit.
1480 1176 1541 1228 Si
1565 1176 1742 1227 vendi
1769 1176 1913 1228 iusto
1940 1180 2136 1241 precio
2163 1180 2367 1241 nequi-

163 1247 370 1306 verint,
398 1245 530 1297 date
554 1245 757 1298 saltem
777 1261 1038 1311 operam,
1065 1249 1184 1298 mei
1204 1247 1416 1307 Amici,
1443 1254 1507 1299 ut
1532 1247 1894 1312 inquilinum
1913 1247 2150 1300 fidelem
2169 1264 2277 1312 pro
2297 1251 2368 1313 ijs

164 1317 240 1369 ad
266 1315 582 1368 Michaelis
608 1317 812 1368 festum
840 1317 1156 1378 obtineam,
1185 1321 1286 1382 qui
1312 1318 1371 1369 id
1399 1319 1559 1382 quod
1586 1334 1828 1383 aequum
1855 1322 1978 1380 erit,
2005 1320 2142 1371 inde
2168 1319 2366 1371 solvat.

64 1396 115 1440 8r
166 1387 361 1441 Causa
379 1388 694 1440 PEPLERI
714 1391 892 1441 etiam
915 1391 1112 1440 invitis
1138 1389 1244 1453 (uti
1266 1389 1549 1454 existimo)
1571 1385 1592 1458 ΙΙ
1612 1392 1700 1455 ijs,
1729 1393 1831 1454 qui
1858 1406 1993 1442 eam
2017 1406 2368 1454 promovere

74 1476 116 1511 15
163 1459 514 1524 satagebant,
534 1460 691 1511 male
711 1460 799 1511 illi
819 1461 981 1521 cessit,
1003 1467 1058 1512 ct
1077 1467 1252 1524 prout
1272 1477 1480 1513 revera
1498 1464 1742 1513 meritus
1763 1468 1902 1521 erat,
1923 1464 2045 1513 imo
2066 1464 2281 1513 mitius,
2308 1461 2368 1514 Si

164 1531 611 1583 Amstelredami
625 1531 920 1592 manfisset,
942 1547 1137 1596 neque
1155 1530 1694 1598 [HUITFELDIO]
1711 1532 2082 1593 auscultasset‚
2100 1533 2196 1585 sed
2210 1533 2370 1597 apud

163 1617 260 1654 me
286 1605 349 1654 in
373 1603 674 1667 Norvegia
698 1602 894 1654 rursus
919 1602 1227 1655 habitandi
1245 1606 1486 1656 veniam
1511 1606 1636 1656 una
1661 1620 1798 1656 cum
1824 1604 1998 1668 culpa
2024 1604 2368 1669 deprecatus

163 1673 359 1734 fuisset,
387 1673 671 1738 siquidem
695 1689 792 1725 me
819 1674 895 1726 ad
921 1675 1384 1727 condonandum
1410 1691 1534 1727 non
1557 1675 1823 1727 futurum
1843 1675 2142 1728 difficilem
2162 1675 2368 1727 ISAA-

165 1745 319 1798 CUS
339 1744 560 1797 PETRI
580 1748 702 1797 iam
722 1752 897 1797 antea
918 1745 1002 1797 illi
1023 1746 1326 1807 indicarat,
1346 1746 1495 1798 forte
1515 1745 1726 1799 rectius
1740 1747 1841 1799 fibi
1856 1747 2233 1798 consuluisset.
2255 1746 2370 1798 Sed

69 1832 116 1868 20
165 1815 416 1868 confisus
436 1819 585 1868 meis
605 1816 950 1882 adversarijs
969 1833 1130 1869 nunc
1149 1818 1719 1882 praedominantibus
1741 1818 1924 1883 (apud
1945 1834 2094 1882 quos
2116 1833 2239 1883 ego,
2268 1820 2367 1869 eti-

164 1887 306 1939 amfi
337 1888 711 1940 Geometrice
744 1887 1217 1950 demonstrarem,
1251 1888 1402 1940 nihil
1432 1892 1557 1941 veri
1589 1889 1834 1954 iustique
1867 1889 2127 1953 obtineo)
2160 1889 2370 1941 maluit

64 1968 121 2011 8v
164 1959 320 2011 hanc
342 1959 730 2011 Camarinam
754 1975 1013 2020 movere,
1041 1966 1096 2012 et
1120 1961 1352 2012 maiora
1376 1960 1565 2012 subire
1591 1960 1853 2025 pericula
1875 1960 2243 2024 maioresque
2263 1962 2368 2011 mi-

163 2030 356 2082 serias,
380 2031 538 2083 Cum
552 2030 918 2083 BOEKELIO
934 2046 1038 2095 per
1052 2031 1444 2084 MULAEUM
1460 2027 1480 2099 ΙΙ
1494 2034 1580 2083 uti
1593 2031 1838 2092 voluisti,
1857 2046 2046 2096 agam,
2064 2031 2166 2083 ubi
2179 2031 2368 2091 fuerit,

164 2117 324 2154 nunc
345 2105 505 2154 enim
523 2117 763 2166 peregre
784 2102 953 2154 abest.
983 2101 1143 2165 Quid
1163 2102 1491 2163 obtinuerQ
1520 2119 1593 2155 ex
1619 2101 1894 2155 adiuncto
1919 2102 2190 2167 responso
2210 2102 2368 2154 vide-

69 2191 115 2225 25
163 2174 268 2225 bis.
290 2174 610 2225 Pecuniam
629 2179 814 2224 totam
834 2176 956 2225 iam
976 2180 1152 2226 antea
1171 2174 1488 2226 tradiderat
1500 2174 1586 2225 illi
1599 2174 2146 2234 WINSHEMIUS,
2167 2189 2263 2225 me
2283 2176 2368 2224 in-

163 2245 295 2305 scio,
324 2260 433 2296 nec
458 2251 674 2305 tamen,
705 2244 1011 2309 postquam
1040 2244 1256 2306 rescivi,
1286 2245 1542 2297 multum
1568 2245 1938 2297 dissentiente.
1969 2245 2107 2296 Erat
2134 2247 2294 2296 enim
2319 2247 2368 2295 is

163 2315 336 2368 valde
363 2318 754 2380 importunuS,
781 2315 1101 2380 praesertim
1125 2331 1267 2368 vero
1294 2332 1467 2378 uxor;
1499 2323 1555 2369 et
1579 2316 1976 2376 minabantur,
2008 2318 2076 2368 at
2102 2316 2177 2369 de
2205 2315 2370 2368 vilde

87 2393 116 2436 τ
157 2385 333 2454 slaae
355 2387 568 2440 Skade
589 2402 675 2455 og
691 2384 976 2452 Interesse
994 2401 1139 2454 paa.
1168 2388 1237 2439 Et
1263 2387 1473 2449 nescio,
1502 2403 1638 2452 quae
1665 2388 1784 2440 alia
1809 2387 2182 2455 crocitabant.
2211 2386 2370 2450 Quid

164 2461 337 2523 igitur
365 2457 729 2510 faceremus?
761 2459 951 2510 Litem
979 2458 1270 2510 forensem
1300 2459 1375 2511 ob
1405 2460 1463 2511 id
1492 2475 1733 2511 movere
1762 2459 1866 2511 tibi
1894 2458 2041 2510 forte
2074 2461 2370 2523 ingratum

70 2547 116 2583 30
164 2529 359 2590 fuisset,
386 2545 496 2582 nec
522 2530 693 2582 nobis
715 2530 947 2594 volupe.
975 2530 1045 2582 Et
1070 2529 1247 2582 habet
1273 2533 1322 2582 is
1348 2533 1499 2582 inter
1521 2531 1743 2583 iudices
1764 2530 1865 2583 fibi
1884 2527 2160 2590 addicto&
2189 2536 2252 2581 ut
2271 2532 2371 2580 vix

164 2601 389 2666 aliquid
410 2601 862 2653 obtinuissemuS.
890 2601 1052 2653 Nam
1073 2608 1127 2653 et
1147 2601 1244 2653 hic
1264 2602 1482 2654 iudicia
1501 2602 1631 2654 sunt
1650 2601 1996 2667 personalia,
2024 2617 2148 2652 non
2167 2600 2369 2660 realia,

164 2672 348 2724 ferme
367 2679 431 2724 ut
451 2673 611 2736 apud
630 2688 754 2734 νος,
781 2672 913 2724 licet
935 2672 1118 2737 paulo
1138 2675 1337 2725 minus
1358 2672 1433 2725 ob
1452 2674 1773 2738 processum
1794 2674 1943 2725 Iuris
1965 2672 2172 2725 Civilis
2194 2675 2257 2723 in
2278 2687 2370 2723 co-

64 2754 116 2797 9r
164 2743 505 2808 gnoscendis
526 2739 546 2812 ΙΙ
568 2743 752 2796 caufis
773 2750 827 2795 et
847 2759 970 2796 non
994 2744 1450 2809 praeiudicandis
1470 2747 1658 2810 magis
1679 2760 1922 2809 aequum
1949 2750 2003 2795 et
2028 2743 2369 2808 legitimum.

165 2815 341 2867 Dabo
361 2830 622 2880 operam,
645 2821 935 2879 quantum
950 2818 1013 2867 in
1027 2830 1122 2866 me
1138 2815 1229 2876 est,
1250 2821 1315 2867 ut
1329 2831 1447 2876 eOS,
1470 2832 1619 2880 quos
1635 2815 1830 2867 adhuc
1845 2815 2148 2875 defideraS‚
2170 2816 2369 2866 nanci-

70 2904 116 2940 35
164 2886 354 2938 scaris,
377 2886 555 2949 Quod
574 2886 616 2938 fi
635 2886 898 2938 obtinere
918 2889 1261 2951 nequiverO,
1282 2887 1577 2939 transeant
1598 2903 1733 2938 cum
1754 2889 1994 2938 caeteriS.
2017 2886 2167 2938 Satis
2187 2885 2371 2937 habes

165 2957 466 3009 librorum.
495 2958 690 3010 Unica
715 2957 1011 3010 SOPHIA
1038 2960 1202 3009 omni
1227 2958 1571 3022 praevalebit
1596 2957 2008 3021 Philosophiae,
2038 2959 2216 3008 etiam
2243 2956 2369 3007 Pla-

164 3031 378 3080 tonicae
400 3035 455 3080 et
473 3031 705 3088 veriori,
727 3029 949 3080 nedum
968 3028 1348 3081 Aristotelicae
1370 3036 1425 3081 et
1444 3029 1673 3089 fucatae,
1695 3035 1872 3092 atque
1893 3031 1955 3079 in
1976 3026 2370 3092 Logimachijs

164 3100 482 3151 verborum
508 3099 786 3151 fundatae.
814 3100 1094 3164 IgnosceS,
1123 3101 1283 3164 quod
1304 3101 1375 3152 de
1396 3101 1759 3164 Praeceptore
1782 3106 1884 3151 tuo
1906 3099 1964 3151 id
1985 3099 2144 3163 quod
2164 3113 2257 3150 res
2278 3098 2368 3157 est,

166 3171 376 3223 dicam.
404 3171 564 3222 Nam
586 3177 641 3222 et
661 3170 763 3235 ipfi
783 3171 928 3232 Itali,
957 3173 1059 3235 qui
1079 3171 1227 3223 alias
1255 3173 1309 3222 ei
1335 3172 1660 3223 admodum
1686 3172 2004 3234 mancipati
2027 3169 2172 3230 sunt,
2200 3169 2370 3221 illum

73 3260 120 3295 4ο
168 3242 282 3294 hoc
304 3242 412 3306 (uti
431 3241 559 3305 scis)
582 3241 772 3306 elogio
795 3242 1191 3306 depraedicare
1212 3257 1336 3294 non
1355 3242 1485 3294 sunt
1503 3245 1694 3294 veriti:

414 3309 744 3366 Docstorem
766 3313 1010 3365 caIamo
1028 3311 1335 3380 ingratus,
1357 3312 1820 3379 Dominamque
1842 3326 2094 3364 Veneno.

486 3382 774 3445 Perdidit,
796 3382 947 3451 igne
967 3385 1224 3436 Patrum
1247 3384 1557 3452 dogmata,
1580 3398 1700 3436 nos
1722 3381 2014 3436 tenebris,
2229 3453 2285 3503 N

313 3466 377 3501 12·
2291 3468 2370 3503 on
