2638 3970
367 313 669 366 TYCHO
696 313 818 364 AD
847 312 1109 364 MART.
1138 313 1663 366 BRASCHIUM
1691 311 1825 378 4s14
1851 313 2028 364 APR.
2057 313 2189 365 1601
2285 313 2375 364 413

177 454 385 507 laudes
410 454 621 519 easque
648 453 952 518 ampliare,
980 460 1156 518 atque
1176 452 1448 506 victorias
1469 460 1524 506 et
1542 454 1823 518 praeclare
1849 454 2000 520 gesta
2020 470 2376 508 commemo-

177 541 325 586 rare,
339 528 490 577 inter
502 541 637 590 quae
649 525 763 577 hoc
775 540 1012 589 quoque
1024 541 1148 576 non
1158 525 1529 589 postremum,
1545 526 1705 589 quod
1716 526 2151 578 Astronomiam
2163 526 2376 586 foveat,

177 612 297 661 qua
325 599 388 648 in
417 612 480 648 re
508 612 633 647 non
663 596 829 648 cedat
857 595 1293 648 ALPHONSO
1325 596 1480 660 Regi,
1515 599 1682 648 cuius
1710 596 1871 649 fama
1902 612 2006 661 per
2033 597 2293 650 Tabulas
2322 604 2378 649 et

176 667 585 719 liberalitatem
603 670 667 719 in
688 682 788 719 eas
809 667 1224 719 construendas
1244 666 1397 718 coelo
1418 682 1622 718 coaeva
1643 668 1889 727 durabit,
1917 684 2170 733 cumque
2190 669 2250 720 id
2269 684 2375 720 nu-

105 756 128 790 5
175 741 324 790 meri
343 738 446 802 ipfi
467 738 619 790 coelo
633 754 758 790 non
771 753 875 803 per
889 741 1092 790 omnia
1107 737 1623 802 correspondentes
1636 739 1889 790 tribuere
1903 742 2214 803 potuerint,
2236 739 2377 804 quid

175 808 295 869 tibi,
321 809 519 861 Caesar
538 809 855 869 Austriace,
882 810 985 861 ubi
1003 809 1251 861 Tabulae
1272 808 1638 872 Rudolpheae
1659 809 1760 861 sub
1782 810 2050 875 auspicijs
2070 813 2184 862 tuis
2205 810 2376 863 coele-

175 880 281 932 stes
300 887 496 932 motus
518 878 860 932 exactissime
882 880 1232 932 aemulantes
1252 880 1444 931 lucem
1465 879 1752 932 viderint?
1774 887 1876 932 etc.

177 1090 227 1136 [E
247 1091 391 1128 codice
412 1091 646 1127 Basileensi
666 1092 704 1128 G
725 1092 740 1126 1
761 1090 823 1135 35]

540 1178 934 1252 TYCHO
978 1178 1360 1251 BRAHE
1396 1179 1558 1252 AD
1601 1179 2011 1253 LUCAM

85 1300 127 1335 10
951 1282 1607 1335 BACMEISTERUM.

51 1387 158 1430 174r
342 1377 346 1378 ⁷
392 1390 414 1409 f
468 1409 477 1443 χ
511 1409 538 1425 ἢ
591 1403 595 1435 g
622 1378 1038 1430 LARISSIME
1072 1384 1126 1429 et
1157 1377 1606 1441 praestantissime
1636 1378 1756 1438 Vir,
1791 1377 2052 1429 Domine
2086 1384 2141 1429 et
2169 1378 2378 1430 Amice

318 1504 332 1517 ‚
351 1434 391 1518 J
409 1460 452 1516 ῥ’
468 1478 509 1532 3
542 1436 594 1529 Jssj
621 1449 989 1509 honorande,
1018 1449 1178 1513 quod
1204 1464 1309 1513 per
1329 1449 1721 1501 Clarissimum
1741 1449 1950 1500 Virum
1974 1449 2091 1500 Dn.
2114 1449 2187 1501 D.
2210 1449 2377 1501 IOH.

320 1542 350 1640 31
550 1525 594 1669 {1
623 1515 1675 1652 ffissffiffgffessssfflfflffssffffis
1694 1519 2379 1655 2⁰32¹1¹1¹332¹¹111321ssffi

85 1678 126 1714 15
433 1730 452 1739 ρ
519 1669 594 1759 Hs}
622 1663 959 1746 Principum
991 1662 1123 1714 loco
1156 1664 1413 1745 interesse
1440 1662 1594 1745 ‘mihi
1624 1662 1849 1746 dehitos
1880 1662 2275 1722 transmiseriS,
2307 1665 2380 1728 ijs

173 1774 502 1858 tante—e
577 1733 1919 1869 ἒὲεξῗὲξιέὸῗὲἶὲἷιῒὲῗῃῗῗὲΐὲῗῧέἑᾙῗῑὲῗ
1928 1740 2377 1870 ἔὲῗέοεὲἓὲῗῗεέ.

175 1876 353 1941 Quod
373 1884 574 1930 autem
592 1876 751 1928 idem
771 1876 1021 1940 quaestor
1041 1876 1300 1940 reliquos
1321 1876 1442 1935 600,
1465 1879 1567 1940 qui
1579 1875 1728 1928 mihi
1742 1891 1903 1928 nunc
1917 1876 2218 1935 debentur,
2239 1883 2379 1928 tunc

174 1964 489 2000 numerare
509 1947 780 2007 noluerit,
802 1962 927 1998 non
947 1948 1223 2011 equidem
1242 1949 1441 2007 miror,
1463 1954 1591 1999 utut
1610 1963 1734 1999 non
1753 1949 2028 2011 iniquum
2046 1946 2241 2007 sufflet,
2262 1947 2303 1998 fi
2321 1947 2379 2000 id

79 2034 125 2068 20
174 2019 416 2072 officioli
441 2019 590 2072 mihi
613 2018 956 2083 praeftitisset,
983 2018 1079 2070 sed
1106 2019 1265 2082 quod
1291 2024 1475 2070 totam
1500 2018 1794 2070 summam
1813 2018 1945 2070 satis
1965 2025 2194 2071 mature
2215 2018 2378 2083 refig-

173 2098 378 2142 natam
407 2098 461 2142 et
491 2089 771 2142 consensu
800 2096 855 2142 et
883 2090 1026 2141 iussu
1055 2089 1313 2141 Illustriss.
1344 2089 1529 2142 Ducis
1559 2089 1946 2142 UDALRICI
1977 2089 2127 2141 mihi
2158 2090 2234 2142 ad
2265 2089 2379 2141 hoc

173 2161 393 2214 Pascha
421 2161 834 2214 restituendam
861 2160 1084 2213 solvere
1112 2160 1531 2226 tergiversetur,
1561 2160 1754 2213 nescio
1781 2176 1930 2225 quas
1956 2160 2104 2213 alias
2130 2167 2377 2225 praeten-

173 2233 319 2285 dens
334 2233 617 2298 expensas
632 2239 686 2284 et
698 2231 896 2284 calvas
912 2231 1330 2292 excusationes,
1347 2233 1405 2284 id
1419 2231 1568 2284 mihi
1581 2234 1767 2297 magis
1782 2231 2053 2296 displicet,
2069 2247 2178 2284 nec
2192 2231 2378 2284 feren-

174 2304 318 2356 dum
344 2304 513 2356 duco,
541 2303 748 2368 Scripsi
773 2305 973 2368 itaque
997 2303 1072 2355 ad
1097 2302 1314 2356 dictum
1335 2303 1592 2355 Illustriss.
1615 2303 1848 2355 Ducem
1869 2303 2378 2362 UDALRICUM,

79 2390 125 2423 25
173 2375 509 2439 sponsorem
533 2377 900 2440 primarium,
930 2381 994 2426 ut
1019 2375 1095 2426 ad
1122 2374 1493 2427 constitutum
1518 2381 1749 2439 tempus
1775 2377 2063 2439 integram
2088 2374 2380 2426 summam

174 2447 377 2498 decem
387 2446 644 2498 millium
654 2445 1150 2498 Ioachimicorum
1161 2445 1309 2498 mihi
1319 2445 1535 2498 restitui
1546 2445 1650 2498 sua
1660 2445 2016 2498 authoritate
2029 2452 2205 2505 curet,
2219 2445 2379 2509 quod

174 2524 230 2569 et
254 2533 380 2570 non
404 2521 585 2569 invite
613 2515 958 2569 effecturum
984 2520 1276 2581 optimum
1301 2517 1472 2569 illum
1492 2524 1547 2569 et
1566 2519 2009 2582 integerrimum
2031 2517 2377 2581 Principem,

173 2588 321 2640 mihi
341 2589 770 2641 clementissime
789 2587 1104 2648 faventem,
1125 2588 1467 2640 nullatenus
1488 2588 1708 2640 diffido.
1732 2588 1949 2653 Obtigit
1967 2587 2118 2639 mihi
2138 2587 2378 2648 occafio,

174 2675 294 2723 qua
319 2662 383 2712 in
407 2659 561 2712 hisce
582 2662 700 2712 oris
723 2659 856 2724 plus
877 2660 1174 2712 commodi
1196 2676 1269 2712 ex
1288 2659 1391 2711 illa
1410 2663 1664 2724 pecunia
1684 2659 1938 2711 nancisci
1959 2674 2177 2723 queam
2197 2674 2379 2723 quam

79 2744 126 2779 30
174 2729 351 2790 isthic,
372 2731 520 2783 alias
540 2738 806 2783 nontam
827 2733 939 2783 cito
961 2746 1095 2783 eam
1115 2732 1471 2796 repetijssem.
1501 2758 1506 2761 -

48 2806 160 2850 174v
247 2801 411 2865 Quin
436 2808 492 2854 et
516 2808 803 2867 praeterea
828 2802 904 2854 ad
929 2797 1293 2870 praesa-utum
1313 2802 1570 2854 Illustriss.
1599 2801 1832 2853 Ducem
1858 2801 1993 2853 dedi
2018 2801 2231 2860 literaS,
2259 2816 2379 2865 qua

173 2872 350 2936 ipsius
370 2872 790 2925 Celfitudinem
816 2873 892 2925 ad
917 2875 1153 2938 nuptias
1177 2872 1317 2925 filiae
1338 2874 1576 2925 cuidam
1597 2888 1670 2925 ex
1688 2875 1836 2925 meis
1857 2871 2378 2924 ELISABETHAE

174 2946 418 2996 nomine
429 2943 688 2995 submisse
700 2946 961 3004 invitavi,
971 2960 1108 2995 cum
1119 2945 1381 3008 quodam
1390 2944 1594 2996 Nobili
1606 2951 1660 2996 et
1672 2943 1900 2995 erudito
1910 2943 2130 2995 Iuvene
2140 2943 2376 2994 FRAN-

175 3014 409 3067 CISCO
423 3014 965 3067 TENGNAGLIO
981 3031 1012 3067 e
1026 3015 1390 3080 Westphalia
1410 3016 1663 3067 oriundo
1685 3021 1861 3078 atque
1882 3017 1944 3066 in
1964 3014 2076 3066 hac
2096 3014 2239 3066 aula
2252 3029 2377 3066 ver-

79 3099 125 3134 35
174 3085 351 3146 sante,
381 3085 457 3137 ad
484 3085 702 3137 instans
729 3085 1105 3147 Pentecostes‚
1138 3086 1372 3138 favente
1403 3086 1638 3139 Coelesti
1667 3086 1948 3145 Numine,
1979 3085 2376 3137 celebrandas,

176 3156 333 3208 Cum
355 3159 515 3208 enim
531 3172 657 3208 non
671 3156 874 3208 saltem
889 3156 1224 3209 Caesaream
1238 3157 1623 3217 Maiestatem,
1646 3157 1762 3208 Dn.
1778 3155 2037 3208 nostrum
2052 3156 2375 3208 clementiss.

175 3233 231 3279 et
249 3229 580 3292 praecipuos
599 3230 725 3279 eius
741 3227 1119 3279 Confiliarios
1134 3235 1189 3279 et
1203 3228 1429 3292 aliquot
1444 3228 1789 3280 Germaniae
1804 3227 2117 3291 Principes,
2138 3233 2260 3279 tam
2274 3227 2376 3279 Ec-

176 3297 463 3350 clefiastici
483 3313 666 3362 quam
684 3298 904 3363 politici
923 3298 1115 3359 statuS‚
1143 3314 1292 3363 quos
1311 3299 1425 3351 scio
1445 3299 1594 3350 mihi
1613 3298 1930 3350 clementer
1948 3297 2163 3358 favere,
2184 3297 2376 3350 humi-

174 3368 314 3421 lime
339 3384 443 3434 per
468 3369 665 3421 literas
685 3372 934 3422 invitare
956 3372 1193 3423 animus
1212 3369 1276 3420 fit
1303 3370 1486 3435 (quod
1507 3376 1562 3422 et
1581 3369 2011 3421 nonnullorum
2031 3369 2247 3434 Legati,
2275 3385 2377 3491 ‘11:111

2347 3456 2376 3491 c
