2652 4022
301 280 407 332 338
836 278 1274 331 EPISTOLAE
1300 278 1969 332 ASTRONOMICAE

301 435 538 485 quoque
557 421 659 471 esse
678 419 955 479 existim0,
979 420 1335 472 Gorlitzium
1354 421 1757 473 recudendum
1777 421 1972 472 mifisse
1992 420 2138 472 illud
2158 436 2361 472 meum
2378 437 2498 473 car-

299 507 454 543 men.
486 490 868 542 MELISSUS
899 493 1043 555 quin
1073 494 1194 543 iam
1222 492 1462 544 tandem
1491 491 1593 543 tibi
1621 492 1963 552 satisfecerit,
1994 492 2170 556 plane
2199 491 2347 543 mihi
2373 507 2499 556 per-

299 563 537 614 suadeo:
560 561 815 613 dicerem
835 561 1141 614 hominem
1160 563 1337 627 plane
1358 579 1395 615 a
1414 562 1469 614 se
1490 563 1784 623 discessisse,
1806 562 1912 614 nifi
1931 562 2144 614 fecerit.

371 634 463 684 De
496 632 702 696 scripto
736 632 938 697 aliquo
971 632 1260 686 Caesareae
1294 633 1584 686 Maiestati
1620 634 1963 693 dedicand0,
2002 633 2161 697 quod
2197 633 2501 685 confilium

300 712 469 756 tuum
494 703 642 755 mihi
669 707 946 768 impertis,
973 720 1080 769 pro
1108 720 1179 756 eo
1207 712 1384 770 atque
1405 705 1695 764 volebam,
1725 705 1798 757 est
1826 705 1985 769 quod
2008 705 2263 756 multum
2282 705 2384 756 tibi
2404 705 2499 756 de·
2550 721 2572 755 ⁵

299 777 488 827 beam.
512 775 727 826 Habeo
749 775 989 839 quidem
1010 774 1340 828 confectum
1360 775 1753 840 Philosophiae
1774 776 2215 841 Panegyricum,
2238 791 2357 839 quo
2379 791 2501 827 om-

300 849 401 898 nia
422 862 492 898 ea
512 846 694 897 tribus
718 846 961 911 prolixis
981 846 1114 898 satis
1136 848 1501 899 orationibus
1523 846 1865 911 complexus
1890 847 2032 907 sum,
2061 862 2196 910 quae
2218 847 2289 898 de
2309 846 2501 898 Philo-

299 916 505 981 sophia
523 916 673 968 mihi
692 917 966 969 videntur
985 919 1133 983 posse
1154 918 1480 971 honorifice
1502 918 1636 970 dici:
1657 918 1753 970 sed
1772 933 1910 970 eum
1924 933 2118 982 neque
2132 920 2254 969 iam
2267 933 2502 969 mecum

300 988 510 1048 habe0,
541 1004 735 1053 neque
765 986 1051 1041 hactenus
1078 989 1403 1054 quisquam,
1436 1005 1586 1054 quos
1613 990 1853 1054 quidem
1879 991 2115 1049 tentavi,
2146 988 2502 1053 Bibliopola-

300 1075 434 1111 rum
451 1063 513 1111 in
532 1075 670 1111 eum
685 1060 1098 1112 excudendum
1112 1060 1373 1125 sumptus
1388 1061 1575 1113 voluit
1590 1060 1855 1112 conferre
1872 1060 1975 1124 (ita
1990 1063 2150 1112 enim
2164 1063 2353 1125 agitur
2367 1075 2503 1112 cum
2557 1075 2599 1110 ιο

300 1131 518 1196 scriptis
539 1131 917 1196 elegantibuS‚
942 1132 1085 1183 dum
1104 1131 1317 1184 florent
1338 1139 1392 1184 et
1411 1132 1683 1197 leguntur
1703 1130 2082 1196 inelegantia)
2104 1131 2209 1182 nifi
2228 1131 2345 1196 ipse
2367 1146 2502 1183 con-

300 1202 503 1254 feram.
527 1201 705 1266 Quod
719 1202 759 1254 fi
773 1203 1055 1255 Poemata
1068 1218 1204 1255 mea
1221 1203 1369 1255 mihi
1386 1206 1755 1255 remittantur
1769 1218 1805 1255 a
1820 1198 1840 1270 ΙΙ
1856 1202 2211 1262 MELISSO‚
2234 1205 2336 1267 qui
2354 1201 2504 1253 mihi
2535 1209 2617 1253 67·-

301 1276 363 1324 in
384 1274 639 1326 editione
660 1273 1035 1338 procuranda
1053 1276 1299 1326 minime
1319 1274 1599 1335 satisfacit,
1621 1290 1757 1326 cum
1777 1274 1925 1326 forte
1945 1274 2117 1338 posset
2133 1273 2296 1337 (nolo
2312 1273 2503 1325 dicere

301 1344 494 1408 plura:
522 1345 635 1397 hoc
661 1345 866 1410 ipsum,
895 1346 1054 1410 quod
1081 1346 1217 1406 dixi,
1244 1353 1440 1397 tecum
1465 1346 1550 1409 fit)
1578 1361 1713 1410 quae
1735 1352 1871 1397 ante
1891 1345 2074 1396 tribus
2094 1344 2377 1404 dedicavi,
2404 1359 2503 1396 ne-

301 1416 433 1475 sci0,
461 1432 540 1468 an
566 1414 777 1469 rectius
800 1416 1072 1477 facerem,
1094 1416 1135 1468 fi
1154 1424 1381 1469 mutato
1403 1416 1641 1468 confilio
1661 1416 1766 1467 soli
1787 1416 2134 1479 Imperatori
2154 1416 2503 1474 dedicarem,
2558 1431 2600 1465 15

301 1487 546 1552 plusque
566 1487 713 1539 forte
730 1488 867 1540 inde
884 1490 1110 1553 praemij
1131 1494 1186 1539 te
1205 1494 1259 1539 et
1276 1488 1408 1552 alijS
1430 1487 1980 1539 commendantibus
2001 1492 2380 1550 reportarem.
2402 1485 2504 1537 Di-

302 1558 497 1610 stribui
526 1565 728 1611 autem
759 1574 918 1611 nunc
948 1559 1188 1623 quidem
1220 1562 1282 1610 in
1314 1566 1429 1611 tres
1461 1565 1671 1622 partes,
1706 1573 1961 1622 quarum
1993 1560 2247 1622 primam
2278 1563 2506 1622 partem

303 1632 567 1694 quinque
588 1630 924 1695 Elegiarum
944 1630 1123 1682 libros
1145 1632 1543 1682 continentem
1564 1629 1815 1693 inscripfi
1836 1629 1975 1694 Regi
1996 1629 2207 1681 Scotiae
2228 1635 2364 1681 ante
2384 1631 2506 1680 iam

304 1704 365 1752 in
385 1716 481 1752 me
501 1701 801 1761 munific0,
823 1701 1071 1753 alteram
1086 1702 1404 1766 Epicorum
1422 1707 1677 1765 quatuor
1693 1699 1874 1752 libros
1885 1706 1943 1752 ‘et
1957 1700 2302 1766 Lyricorum
2316 1714 2506 1752 unum

304 1775 717 1833 continentem,
734 1772 1031 1824 ULRICO
1046 1773 1301 1836 Principi
1316 1772 1816 1837 Megapolitaniae‚
1831 1774 2064 1823 tertiam
2077 1778 2192 1823 tres
2207 1771 2504 1836 Epigram-
2555 1785 2602 1820 20

302 1849 530 1895 matum
564 1850 618 1895 et
650 1859 841 1895 unum
874 1843 1187 1909 Sylvarum
1219 1844 1435 1896 librum
1469 1843 1840 1908 complexam
1871 1842 2324 1895 WILHELMO
2358 1842 2505 1894 Cur·

303 1915 522 1966 landiae
544 1914 715 1966 Duci.
738 1915 985 1967 Utinam
1004 1930 1147 1966 vero
1167 1921 1290 1967 tam
1309 1914 1449 1966 felix
1469 1915 1588 1975 fim,
1610 1922 1673 1966 ut
1693 1914 2018 1979 aliquando
2038 1913 2232 1966 lucem
2251 1914 2505 1972 videant,

304 2001 485 2049 quam
516 1985 631 2037 illis
664 1983 950 2038 haetenus
982 1987 1234 2038 invideri
1267 1986 1542 2050 equidem
1574 1985 1850 2038 nonnihil
1883 1985 2072 2037 doleo,
2113 1985 2227 2037 Sed
2257 1999 2382 2049 prae
2414 1984 2507 2036 his

304 2057 533 2109 duabus
548 2060 658 2121 vijs
676 2057 779 2109 illa
794 2056 942 2109 mihi
958 2059 1229 2122 inprimis
1246 2058 1548 2109 arrideret:
1571 2057 1611 2108 fi
1631 2060 1880 2109 materia
1893 2056 2096 2121 aliqua
2108 2055 2257 2107 mihi
2272 2054 2506 2107 offerre-

302 2134 412 2189 tur,
441 2144 561 2192 qua
582 2129 956 2193 Imperatoris
984 2129 1159 2193 ipsius
1180 2135 1282 2181 aut
1300 2131 1600 2180 maiorum
1621 2131 1748 2180 eius
1768 2128 1975 2180 laudes
1995 2127 2396 2193 praedicarem,
2422 2127 2505 2178 id·
2555 2142 2602 2176 2⁵

305 2215 419 2263 que
435 2215 674 2251 carmen
688 2200 785 2252 hic
799 2203 863 2251 in
877 2201 1204 2252 Academia
1216 2200 1449 2265 publice
1464 2200 1857 2260 decantarem,
1879 2199 2060 2250 fimile
2078 2198 2342 2250 futurum
2357 2197 2506 2250 Rhe-

305 2271 549 2322 deriano
570 2271 671 2323 illi.
697 2271 867 2323 Illam
886 2287 1028 2323 vero
1048 2274 1210 2324 viam
1231 2278 1285 2323 et
1304 2274 1612 2323 materiem
1633 2287 1756 2336 prae
1777 2271 1908 2336 alijs
1929 2268 2326 2335 amplecterer,
2348 2270 2508 2334 quod

306 2341 693 2393 existimarem
722 2345 793 2394 ea
818 2346 1046 2394 ratione
1073 2359 1169 2394 me
1196 2358 1367 2407 aeque
1393 2358 1673 2408 magnam
1698 2345 1946 2407 gratiam
1965 2358 2002 2394 a
2023 2341 2296 2394 Caesarea
2318 2340 2507 2392 Maie-

305 2412 441 2464 state
455 2415 741 2465 initurum
756 2430 937 2478 quam
951 2417 1152 2479 magni
1167 2416 1359 2478 operis
1375 2414 1758 2466 dedicatione.
1780 2413 2045 2478 Ignosces
2062 2411 2227 2472 mihi,
2246 2415 2335 2463 vir
2348 2427 2506 2477 mag-

306 2483 495 2543 nifice,
512 2479 532 2551 ΙΙ
548 2484 707 2548 quod
723 2484 852 2537 haec
866 2492 987 2537 tam
1002 2485 1182 2537 libere
1198 2485 1356 2549 apud
1370 2491 1425 2536 te
1440 2485 1668 2549 loquar,
1684 2485 1844 2548 quod
1860 2500 1931 2535 eo
1946 2484 2115 2542 faci0,
2131 2490 2194 2534 ut
2210 2499 2281 2534 eo
2296 2481 2507 2535 rectius
2538 2488 2626 2532 67v

305 2554 454 2605 mihi
475 2555 775 2607 consulere
799 2557 981 2620 possis,
1009 2559 1295 2620 quoniam
1315 2555 1374 2606 id
1394 2556 1641 2607 libenter
1660 2555 1819 2616 faciS,
1848 2561 1903 2606 et
1924 2570 1995 2607 ea
2014 2570 2076 2606 re
2098 2554 2361 2618 undique
2381 2569 2506 2618 gra-

306 2629 449 2678 tiam
477 2626 699 2691 colligis
725 2630 1011 2679 omnium.
1044 2627 1103 2680 Si
1129 2630 1303 2692 igitur
1327 2634 1509 2690 potes,
1538 2634 1639 2678 aut
1665 2626 1844 2678 talem
1870 2628 2181 2678 materiam
2206 2624 2355 2676 mihi
2380 2624 2507 2690 sup-

306 2698 518 2761 pedita,
546 2705 647 2761 aut
668 2699 739 2750 de
760 2698 1018 2763 reliquis,
1041 2699 1181 2763 quid
1201 2699 1486 2759 videatur,
1507 2698 1701 2758 scribe,
1724 2704 1826 2749 aut
1846 2704 1998 2749 certe
2019 2696 2182 2749 aliud
2204 2695 2508 2748 confilium

306 2769 556 2834 suggere.
580 2770 802 2822 Omnia
822 2773 982 2822 enim
1002 2785 1138 2822 mea
1156 2769 1258 2821 tibi
1278 2770 1487 2821 lubens
1509 2772 1826 2820 committo
1903 2817 1905 2819 ,

379 2841 557 2892 Eram
577 2840 760 2892 finem
779 2839 1037 2893 facturus
1053 2848 1107 2893 et
1121 2844 1243 2892 iam
1257 2841 1482 2892 dudum
1497 2841 1829 2892 debuissem:
1851 2840 1946 2891 sed
1959 2839 2125 2890 tristis
2140 2838 2335 2890 adhuc
2350 2838 2506 2890 clau·
2557 2852 2603 2887 35

306 2911 431 2963 sula
447 2911 743 2976 supererat
758 2913 829 2964 de
845 2912 1007 2964 obitu
1023 2911 1415 2965 CHYTRAEI.
1439 2911 1635 2974 Quem
1655 2911 1752 2963 hic
1773 2927 1897 2962 non
1916 2911 2098 2962 laudo
2118 2916 2220 2962 aut
2240 2909 2506 2973 deploro:

307 2982 417 3034 feci
437 2990 755 3048 utrumque
775 2991 902 3035 tum
922 2986 985 3034 in
1006 2983 1458 3048 Epigrammatis
1479 2983 1608 3042 istiS‚
1629 2990 1757 3034 tum
1777 2985 1839 3033 in
1860 2983 2314 3046 Programmate,
2340 2983 2508 3032 cuius

309 3060 363 3104 et
389 3054 522 3118 ipse,
550 3054 784 3106 volente
811 3058 892 3106 ita
918 3054 1141 3107 Senatu
1166 3054 1526 3113 Academiae,
1555 3062 1726 3106 autor
1752 3053 1900 3114 sum;
1929 3068 2182 3117 quorum
2210 3058 2507 3115 utrunque

308 3125 384 3176 ad
410 3131 464 3176 te
491 3129 674 3178 mitto,
695 3125 788 3178 Tu
815 3132 966 3177 certe
993 3128 1254 3178 amicum
1279 3141 1403 3177 non
1423 3126 1728 3190 vulgarem
1756 3131 1810 3176 et
1836 3127 2162 3189 ingenuum
2187 3123 2507 3174 studiorum

307 3204 547 3247 tuorum
559 3204 614 3248 et
625 3200 840 3262 ingenij
853 3197 1301 3249 excellentissimi
1313 3197 1722 3248 aestimatorem
1731 3203 1785 3248 et
1792 3210 2130 3260 praeconem
2141 3193 2386 3246 amisisti:
2400 3208 2507 3258 ego
2557 3207 2604 3242 40

308 3274 535 3330 patrem
556 3275 610 3319 et
630 3276 946 3332 patronum
966 3268 1317 3333 singularem
1339 3267 1441 3331 (ita
1462 3271 1621 3319 enim
1641 3283 1737 3318 me
1757 3267 1981 3331 semper
1998 3265 2203 3317 habuit
2217 3272 2280 3317 ut
2294 3263 2507 3327 filium)

310 3353 419 3388 nos
447 3354 654 3389 omnes
677 3347 1099 3404 praeceptorem
1126 3354 1522 3390 communem.
1553 3339 1606 3391 O
1633 3339 1845 3390 tristem
1872 3340 2174 3396 nuncium,
2203 3351 2380 3459 qatffm
2406 3335 2507 3386 tibi

2304 3412 2508 3458 aturus
