<?xml version="1.0" encoding="UTF-8"?>
<!DOCTYPE html PUBLIC "-//W3C//DTD XHTML 1.0 Transitional//EN"
    "http://www.w3.org/TR/xhtml1/DTD/xhtml1-transitional.dtd">
<html xmlns="http://www.w3.org/1999/xhtml" xml:lang="en" lang="en">
 <head>
  <title>
</title>
<meta http-equiv="Content-Type" content="text/html;charset=utf-8" />
  <meta name='ocr-system' content='tesseract 3.04.00' />
  <meta name='ocr-capabilities' content='ocr_page ocr_carea ocr_par ocr_line ocrx_word'/>
</head>
<body>
  <div class='ocr_page' id='page_1' title='image "./operaomniaedidit08brahuoft/operaomniaedidit08brahuoft_0136.png"; bbox 0 0 2678 4022; ppageno 0'>
   <div class='ocr_carea' id='block_1_1' title="bbox 297 285 1967 342">
    <p class='ocr_par' dir='ltr' id='par_1_1' title="bbox 297 285 1967 342">
     <span class='ocr_line' id='line_1_1' title="bbox 297 285 1967 342; baseline -0.002 0"><span class='ocrx_word' id='word_1_1' title='bbox 297 290 389 342; x_wconf 87' lang='lat'><strong>122</strong></span> <span class='ocrx_word' id='word_1_2' title='bbox 829 285 1270 339; x_wconf 91' lang='lat' dir='ltr'>EPISTOLAE</span> <span class='ocrx_word' id='word_1_3' title='bbox 1295 286 1967 339; x_wconf 91' lang='lat' dir='ltr'><strong>ASTRONOMICAE</strong></span> 
     </span>
    </p>
   </div>
   <div class='ocr_carea' id='block_1_2' title="bbox 295 428 2506 2618">
    <p class='ocr_par' dir='ltr' id='par_1_2' title="bbox 297 428 2499 564">
     <span class='ocr_line' id='line_1_2' title="bbox 297 428 2499 493; baseline -0.001 -9"><span class='ocrx_word' id='word_1_4' title='bbox 297 449 405 493; x_wconf 67' lang='grc' dir='ltr'><strong>τες,</strong></span> <span class='ocrx_word' id='word_1_5' title='bbox 433 434 559 483; x_wconf 91' lang='lat' dir='ltr'><strong>eius</strong></span> <span class='ocrx_word' id='word_1_6' title='bbox 585 432 876 482; x_wconf 90' lang='lat' dir='ltr'><strong>motiones</strong></span> <span class='ocrx_word' id='word_1_7' title='bbox 902 428 1307 489; x_wconf 89' lang='lat' dir='ltr'><strong>scrutaremur,</strong></span> <span class='ocrx_word' id='word_1_8' title='bbox 1334 428 1429 480; x_wconf 89' lang='lat' dir='ltr'><strong>sed</strong></span> <span class='ocrx_word' id='word_1_9' title='bbox 1452 428 1635 480; x_wconf 85' lang='lat' dir='ltr'>sexies</span> <span class='ocrx_word' id='word_1_10' title='bbox 1658 431 1837 481; x_wconf 90' lang='lat' dir='ltr'><strong>ternis</strong></span> <span class='ocrx_word' id='word_1_11' title='bbox 1858 435 1960 481; x_wconf 93' lang='lat' dir='ltr'><strong>aut</strong></span> <span class='ocrx_word' id='word_1_12' title='bbox 1978 428 2245 493; x_wconf 90' lang='lat' dir='ltr'><strong>pluribus</strong></span> <span class='ocrx_word' id='word_1_13' title='bbox 2266 429 2499 481; x_wconf 89' lang='lat' dir='ltr'><strong>eosdem</strong></span> 
     </span>
     <span class='ocr_line' id='line_1_3' title="bbox 298 499 1861 564; baseline -0.003 -9"><span class='ocrx_word' id='word_1_14' title='bbox 298 518 518 562; x_wconf 89' lang='lat' dir='ltr'><strong>eruere,</strong></span> <span class='ocrx_word' id='word_1_15' title='bbox 540 508 603 553; x_wconf 94' lang='lat' dir='ltr'><strong>ut</strong></span> <span class='ocrx_word' id='word_1_16' title='bbox 624 501 742 552; x_wconf 90' lang='lat' dir='ltr'><strong>alia</strong></span> <span class='ocrx_word' id='word_1_17' title='bbox 762 506 1201 564; x_wconf 75' lang='lat' dir='ltr'><strong>praetereantur,</strong></span> <span class='ocrx_word' id='word_1_18' title='bbox 1223 501 1439 551; x_wconf 87' lang='lat' dir='ltr'><strong>necesse</strong></span> <span class='ocrx_word' id='word_1_19' title='bbox 1459 499 1861 552; x_wconf 90' lang='lat' dir='ltr'><strong>habuerimus.</strong></span> 
     </span>
    </p>

    <p class='ocr_par' dir='ltr' id='par_1_3' title="bbox 295 571 2506 2618">
     <span class='ocr_line' id='line_1_4' title="bbox 368 571 2498 636; baseline -0 -12"><span class='ocrx_word' id='word_1_20' title='bbox 368 574 639 625; x_wconf 88' lang='lat' dir='ltr'><strong>Alterum</strong></span> <span class='ocrx_word' id='word_1_21' title='bbox 653 571 1030 631; x_wconf 83' lang='lat' dir='ltr'><strong>obstaculum,</strong></span> <span class='ocrx_word' id='word_1_22' title='bbox 1053 571 1213 635; x_wconf 93' lang='lat' dir='ltr'><strong>quod</strong></span> <span class='ocrx_word' id='word_1_23' title='bbox 1225 571 1532 636; x_wconf 91' lang='lat' dir='ltr'><strong>politicum</strong></span> <span class='ocrx_word' id='word_1_24' title='bbox 1546 571 1684 632; x_wconf 87' lang='lat' dir='ltr'><strong>dixi,</strong></span> <span class='ocrx_word' id='word_1_25' title='bbox 1706 572 1985 636; x_wconf 91' lang='lat' dir='ltr'><strong>quodque</strong></span> <span class='ocrx_word' id='word_1_26' title='bbox 1999 586 2103 636; x_wconf 90' lang='lat' dir='ltr'><strong>per</strong></span> <span class='ocrx_word' id='word_1_27' title='bbox 2117 571 2172 623; x_wconf 89' lang='lat' dir='ltr'><strong>se</strong></span> <span class='ocrx_word' id='word_1_28' title='bbox 2186 573 2498 636; x_wconf 90' lang='lat' dir='ltr'><strong>ingratum,</strong></span> 
     </span>
     <span class='ocr_line' id='line_1_5' title="bbox 297 642 2500 707; baseline -0.001 -11"><span class='ocrx_word' id='word_1_29' title='bbox 297 660 493 696; x_wconf 89' lang='lat' dir='ltr'><strong>meam</strong></span> <span class='ocrx_word' id='word_1_30' title='bbox 519 645 906 695; x_wconf 86' lang='lat' dir='ltr'><strong>intentionem</strong></span> <span class='ocrx_word' id='word_1_31' title='bbox 932 642 1302 707; x_wconf 83' lang='lat' dir='ltr'><strong>studiumque</strong></span> <span class='ocrx_word' id='word_1_32' title='bbox 1327 645 1391 694; x_wconf 93' lang='lat' dir='ltr'><strong>in</strong></span> <span class='ocrx_word' id='word_1_33' title='bbox 1417 642 1528 695; x_wconf 92' lang='lat' dir='ltr'><strong>hac</strong></span> <span class='ocrx_word' id='word_1_34' title='bbox 1552 650 1676 695; x_wconf 89' lang='lat' dir='ltr'><strong>arte</strong></span> <span class='ocrx_word' id='word_1_35' title='bbox 1699 642 2151 707; x_wconf 89' lang='lat' dir='ltr'><strong>redintegranda</strong></span> <span class='ocrx_word' id='word_1_36' title='bbox 2170 642 2319 695; x_wconf 91' lang='lat' dir='ltr'><strong>alias</strong></span> <span class='ocrx_word' id='word_1_37' title='bbox 2338 643 2500 694; x_wconf 89' lang='lat' dir='ltr'><strong>inde-</strong></span> 
     </span>
     <span class='ocr_line' id='line_1_6' title="bbox 296 712 2499 779; baseline -0.001 -12"><span class='ocrx_word' id='word_1_38' title='bbox 296 716 493 768; x_wconf 88' lang='lat' dir='ltr'><strong>fessum</strong></span> <span class='ocrx_word' id='word_1_39' title='bbox 507 713 891 766; x_wconf 91' lang='lat' dir='ltr'><strong>multifariam</strong></span> <span class='ocrx_word' id='word_1_40' title='bbox 906 716 1220 779; x_wconf 85' lang='lat' dir='ltr'><strong>exagitavit</strong></span> <span class='ocrx_word' id='word_1_41' title='bbox 1232 714 1604 778; x_wconf 88' lang='lat' dir='ltr'><strong>turbavitque</strong></span> <span class='ocrx_word' id='word_1_42' title='bbox 1615 714 1752 766; x_wconf 90' lang='lat' dir='ltr'><strong>inde</strong></span> <span class='ocrx_word' id='word_1_43' title='bbox 1765 730 1802 766; x_wconf 94' lang='lat' dir='ltr'><strong>a</strong></span> <span class='ocrx_word' id='word_1_44' title='bbox 1813 712 2087 766; x_wconf 68' lang='lat' dir='ltr'><strong>defund&#39;to</strong></span> <span class='ocrx_word' id='word_1_45' title='bbox 2099 714 2499 766; x_wconf 84' lang='lat' dir='ltr'><strong>laudatissimae</strong></span> 
     </span>
     <span class='ocr_line' id='line_1_7' title="bbox 296 784 2500 849; baseline -0 -11"><span class='ocrx_word' id='word_1_46' title='bbox 296 789 601 838; x_wconf 86' lang='lat' dir='ltr'><strong>memoriae</strong></span> <span class='ocrx_word' id='word_1_47' title='bbox 629 785 781 849; x_wconf 86' lang='lat' dir='ltr'>Rege</span> <span class='ocrx_word' id='word_1_48' title='bbox 808 784 1125 837; x_wconf 92' lang='lat' dir='ltr'><strong>Danorum</strong></span> <span class='ocrx_word' id='word_1_49' title='bbox 1151 785 1574 838; x_wconf 92' lang='lat' dir='ltr'><strong>FRIDERICO</strong></span> <span class='ocrx_word' id='word_1_50' title='bbox 1597 785 1862 837; x_wconf 90' lang='lat' dir='ltr'><strong>Domino</strong></span> <span class='ocrx_word' id='word_1_51' title='bbox 1891 791 1945 836; x_wconf 87' lang='lat' dir='ltr'><strong>et</strong></span> <span class='ocrx_word' id='word_1_52' title='bbox 1971 785 2201 836; x_wconf 88' lang='lat' dir='ltr'><strong>fautore</strong></span> <span class='ocrx_word' id='word_1_53' title='bbox 2227 801 2363 837; x_wconf 91' lang='lat' dir='ltr'><strong>meo</strong></span> <span class='ocrx_word' id='word_1_54' title='bbox 2391 785 2500 837; x_wconf 89' lang='lat' dir='ltr'><strong>cle-</strong></span> 
     </span>
     <span class='ocr_line' id='line_1_8' title="bbox 295 856 2501 921; baseline -0.001 -12"><span class='ocrx_word' id='word_1_55' title='bbox 295 858 655 916; x_wconf 84' lang='lat' dir='ltr'><strong>mentissimO,</strong></span> <span class='ocrx_word' id='word_1_56' title='bbox 684 858 786 920; x_wconf 92' lang='lat' dir='ltr'><strong>qui</strong></span> <span class='ocrx_word' id='word_1_57' title='bbox 811 871 907 908; x_wconf 92' lang='lat' dir='ltr'><strong>me</strong></span> <span class='ocrx_word' id='word_1_58' title='bbox 927 871 1181 921; x_wconf 88' lang='lat' dir='ltr'><strong>meaque</strong></span> <span class='ocrx_word' id='word_1_59' title='bbox 1201 856 1402 917; x_wconf 88' lang='lat' dir='ltr'><strong>studia,</strong></span> <span class='ocrx_word' id='word_1_60' title='bbox 1432 857 1630 921; x_wconf 91' lang='lat' dir='ltr'><strong>quoad</strong></span> <span class='ocrx_word' id='word_1_61' title='bbox 1650 859 1811 917; x_wconf 90' lang='lat' dir='ltr'><strong>vixit,</strong></span> <span class='ocrx_word' id='word_1_62' title='bbox 1839 856 2156 908; x_wconf 91' lang='lat' dir='ltr'><strong>clementer</strong></span> <span class='ocrx_word' id='word_1_63' title='bbox 2177 863 2231 908; x_wconf 91' lang='lat' dir='ltr'><strong>et</strong></span> <span class='ocrx_word' id='word_1_64' title='bbox 2250 857 2501 921; x_wconf 89' lang='lat' dir='ltr'><strong>benigne</strong></span> 
     </span>
     <span class='ocr_line' id='line_1_9' title="bbox 296 926 2500 993; baseline -0 -13"><span class='ocrx_word' id='word_1_65' title='bbox 296 931 442 980; x_wconf 91' lang='lat' dir='ltr'><strong>iuvit</strong></span> <span class='ocrx_word' id='word_1_66' title='bbox 469 935 523 979; x_wconf 93' lang='lat' dir='ltr'><strong>et</strong></span> <span class='ocrx_word' id='word_1_67' title='bbox 548 930 864 992; x_wconf 91' lang='lat' dir='ltr'><strong>promovit:</strong></span> <span class='ocrx_word' id='word_1_68' title='bbox 896 930 958 979; x_wconf 94' lang='lat' dir='ltr'><strong>in</strong></span> <span class='ocrx_word' id='word_1_69' title='bbox 987 930 1321 993; x_wconf 91' lang='lat' dir='ltr'><strong>interregno</strong></span> <span class='ocrx_word' id='word_1_70' title='bbox 1348 926 1643 980; x_wconf 72' lang='lat' dir='ltr'><strong>octennali</strong></span> <span class='ocrx_word' id='word_1_71' title='bbox 1673 927 1936 992; x_wconf 89' lang='lat' dir='ltr'><strong>frigidius</strong></span> <span class='ocrx_word' id='word_1_72' title='bbox 1962 930 2050 992; x_wconf 85' lang='lat' dir='ltr'><strong>ijs,</strong></span> <span class='ocrx_word' id='word_1_73' title='bbox 2082 943 2218 991; x_wconf 85' lang='lat' dir='ltr'><strong>quae</strong></span> <span class='ocrx_word' id='word_1_74' title='bbox 2244 930 2500 992; x_wconf 92' lang='lat' dir='ltr'><strong>require-</strong></span> 
     </span>
     <span class='ocr_line' id='line_1_10' title="bbox 296 997 2500 1064; baseline -0.001 -12"><span class='ocrx_word' id='word_1_75' title='bbox 296 1001 526 1059; x_wconf 88' lang='lat' dir='ltr'><strong>bantur,</strong></span> <span class='ocrx_word' id='word_1_76' title='bbox 552 997 882 1063; x_wconf 79' lang='lat' dir='ltr'><strong>prospec‘tiS,</strong></span> <span class='ocrx_word' id='word_1_77' title='bbox 909 999 1097 1051; x_wconf 91' lang='lat' dir='ltr'><strong>donec</strong></span> <span class='ocrx_word' id='word_1_78' title='bbox 1123 999 1363 1051; x_wconf 92' lang='lat' dir='ltr'><strong>tandem</strong></span> <span class='ocrx_word' id='word_1_79' title='bbox 1390 1006 1586 1051; x_wconf 91' lang='lat' dir='ltr'><strong>creato</strong></span> <span class='ocrx_word' id='word_1_80' title='bbox 1613 998 1727 1050; x_wconf 93' lang='lat' dir='ltr'><strong>hoc</strong></span> <span class='ocrx_word' id='word_1_81' title='bbox 1753 1014 1912 1051; x_wconf 92' lang='lat' dir='ltr'><strong>novo</strong></span> <span class='ocrx_word' id='word_1_82' title='bbox 1940 999 2092 1064; x_wconf 88' lang='lat' dir='ltr'><strong>Rege</strong></span> <span class='ocrx_word' id='word_1_83' title='bbox 2119 998 2500 1059; x_wconf 84' lang='lat' dir='ltr'><strong>adolescente,</strong></span> 
     </span>
     <span class='ocr_line' id='line_1_11' title="bbox 297 1069 2500 1135; baseline -0 -13"><span class='ocrx_word' id='word_1_84' title='bbox 297 1074 415 1135; x_wconf 92' lang='lat' dir='ltr'><strong>qui,</strong></span> <span class='ocrx_word' id='word_1_85' title='bbox 445 1070 559 1122; x_wconf 88' lang='lat' dir='ltr'><strong>five</strong></span> <span class='ocrx_word' id='word_1_86' title='bbox 588 1071 662 1122; x_wconf 95' lang='lat' dir='ltr'><strong>ob</strong></span> <span class='ocrx_word' id='word_1_87' title='bbox 690 1076 926 1122; x_wconf 88' lang='lat' dir='ltr'><strong>aetatem</strong></span> <span class='ocrx_word' id='word_1_88' title='bbox 954 1072 1268 1130; x_wconf 89' lang='lat' dir='ltr'><strong>iuniorem,</strong></span> <span class='ocrx_word' id='word_1_89' title='bbox 1299 1070 1414 1122; x_wconf 86' lang='lat' dir='ltr'><strong>five</strong></span> <span class='ocrx_word' id='word_1_90' title='bbox 1441 1070 1908 1131; x_wconf 80' lang='lat' dir='ltr'><strong>dissuadentibUS,</strong></span> <span class='ocrx_word' id='word_1_91' title='bbox 1936 1077 2038 1122; x_wconf 91' lang='lat' dir='ltr'><strong>aut</strong></span> <span class='ocrx_word' id='word_1_92' title='bbox 2063 1072 2262 1122; x_wconf 93' lang='lat' dir='ltr'><strong>minus</strong></span> <span class='ocrx_word' id='word_1_93' title='bbox 2288 1069 2500 1122; x_wconf 93' lang='lat' dir='ltr'><strong>adhor-</strong></span> 
     </span>
     <span class='ocr_line' id='line_1_12' title="bbox 295 1141 2501 1206; baseline -0.001 -12"><span class='ocrx_word' id='word_1_94' title='bbox 295 1142 552 1194; x_wconf 91' lang='lat' dir='ltr'><strong>tantibus</strong></span> <span class='ocrx_word' id='word_1_95' title='bbox 573 1141 841 1206; x_wconf 80' lang='lat' dir='ltr'><strong>dynastis,</strong></span> <span class='ocrx_word' id='word_1_96' title='bbox 862 1147 992 1193; x_wconf 92' lang='lat' dir='ltr'><strong>utut</strong></span> <span class='ocrx_word' id='word_1_97' title='bbox 1011 1141 1160 1194; x_wconf 89' lang='lat' dir='ltr'><strong>alias</strong></span> <span class='ocrx_word' id='word_1_98' title='bbox 1180 1141 1422 1194; x_wconf 90' lang='lat' dir='ltr'><strong>heroico</strong></span> <span class='ocrx_word' id='word_1_99' title='bbox 1442 1141 1505 1193; x_wconf 88' lang='lat' dir='ltr'><strong>fit</strong></span> <span class='ocrx_word' id='word_1_100' title='bbox 1525 1144 1729 1194; x_wconf 91' lang='lat' dir='ltr'><strong>animo</strong></span> <span class='ocrx_word' id='word_1_101' title='bbox 1745 1148 1800 1193; x_wconf 90' lang='lat' dir='ltr'><strong>et</strong></span> <span class='ocrx_word' id='word_1_102' title='bbox 1813 1144 2051 1206; x_wconf 90' lang='lat' dir='ltr'><strong>ingenio</strong></span> <span class='ocrx_word' id='word_1_103' title='bbox 2066 1144 2186 1193; x_wconf 90' lang='lat' dir='ltr'><strong>acri</strong></span> <span class='ocrx_word' id='word_1_104' title='bbox 2204 1142 2501 1206; x_wconf 82' lang='lat' dir='ltr'><strong>praedituS,</strong></span> 
     </span>
     <span class='ocr_line' id='line_1_13' title="bbox 297 1212 2503 1278; baseline -0.001 -12"><span class='ocrx_word' id='word_1_105' title='bbox 297 1230 365 1266; x_wconf 90' lang='lat' dir='ltr'><strong>ac</strong></span> <span class='ocrx_word' id='word_1_106' title='bbox 385 1213 604 1265; x_wconf 94' lang='lat' dir='ltr'><strong>iudicio</strong></span> <span class='ocrx_word' id='word_1_107' title='bbox 624 1228 731 1278; x_wconf 93' lang='lat' dir='ltr'><strong>pro</strong></span> <span class='ocrx_word' id='word_1_108' title='bbox 751 1212 864 1264; x_wconf 92' lang='lat' dir='ltr'><strong>hac</strong></span> <span class='ocrx_word' id='word_1_109' title='bbox 885 1218 1056 1265; x_wconf 87' lang='lat' dir='ltr'><strong>aetate</strong></span> <span class='ocrx_word' id='word_1_110' title='bbox 1076 1212 1210 1277; x_wconf 91' lang='lat' dir='ltr'><strong>plus</strong></span> <span class='ocrx_word' id='word_1_111' title='bbox 1231 1229 1412 1277; x_wconf 93' lang='lat' dir='ltr'><strong>quam</strong></span> <span class='ocrx_word' id='word_1_112' title='bbox 1434 1213 1589 1265; x_wconf 92' lang='lat' dir='ltr'><strong>credi</strong></span> <span class='ocrx_word' id='word_1_113' title='bbox 1610 1214 1782 1278; x_wconf 86' lang='lat' dir='ltr'><strong>posset</strong></span> <span class='ocrx_word' id='word_1_114' title='bbox 1798 1213 2020 1273; x_wconf 85' lang='lat' dir='ltr'><strong>valenS‚</strong></span> <span class='ocrx_word' id='word_1_115' title='bbox 2042 1212 2223 1264; x_wconf 91' lang='lat' dir='ltr'><strong>huius</strong></span> <span class='ocrx_word' id='word_1_116' title='bbox 2242 1212 2503 1264; x_wconf 92' lang='lat' dir='ltr'><strong>sublimis</strong></span> 
     </span>
     <span class='ocr_line' id='line_1_14' title="bbox 296 1283 2501 1348; baseline -0 -12"><span class='ocrx_word' id='word_1_117' title='bbox 296 1285 548 1336; x_wconf 83' lang='lat' dir='ltr'><strong>scientiae</strong></span> <span class='ocrx_word' id='word_1_118' title='bbox 574 1287 637 1336; x_wconf 91' lang='lat' dir='ltr'><strong>in</strong></span> <span class='ocrx_word' id='word_1_119' title='bbox 663 1283 766 1335; x_wconf 94' lang='lat' dir='ltr'><strong>suo</strong></span> <span class='ocrx_word' id='word_1_120' title='bbox 793 1299 974 1348; x_wconf 92' lang='lat' dir='ltr'><strong>regno</strong></span> <span class='ocrx_word' id='word_1_121' title='bbox 996 1287 1358 1348; x_wconf 91' lang='lat' dir='ltr'><strong>promotioni</strong></span> <span class='ocrx_word' id='word_1_122' title='bbox 1381 1285 1680 1336; x_wconf 92' lang='lat' dir='ltr'><strong>attendere</strong></span> <span class='ocrx_word' id='word_1_123' title='bbox 1701 1300 1824 1336; x_wconf 92' lang='lat' dir='ltr'><strong>non</strong></span> <span class='ocrx_word' id='word_1_124' title='bbox 1845 1285 2010 1336; x_wconf 91' lang='lat' dir='ltr'><strong>duxit</strong></span> <span class='ocrx_word' id='word_1_125' title='bbox 2030 1286 2501 1348; x_wconf 69' lang='lat' dir='ltr'><strong>operaepretium,</strong></span> 
     </span>
     <span class='ocr_line' id='line_1_15' title="bbox 296 1355 2503 1420; baseline -0.001 -12"><span class='ocrx_word' id='word_1_126' title='bbox 296 1356 391 1408; x_wconf 90' lang='lat' dir='ltr'><strong>sed</strong></span> <span class='ocrx_word' id='word_1_127' title='bbox 420 1371 523 1420; x_wconf 90' lang='lat' dir='ltr'><strong>per</strong></span> <span class='ocrx_word' id='word_1_128' title='bbox 551 1355 993 1407; x_wconf 89' lang='lat' dir='ltr'><strong>Cancellarium</strong></span> <span class='ocrx_word' id='word_1_129' title='bbox 1021 1355 1201 1407; x_wconf 89' lang='lat' dir='ltr'><strong>literis</strong></span> <span class='ocrx_word' id='word_1_130' title='bbox 1229 1371 1265 1407; x_wconf 94' lang='lat' dir='ltr'><strong>a</strong></span> <span class='ocrx_word' id='word_1_131' title='bbox 1290 1371 1403 1414; x_wconf 92' lang='lat' dir='ltr'><strong>me,</strong></span> <span class='ocrx_word' id='word_1_132' title='bbox 1435 1356 1595 1420; x_wconf 92' lang='lat' dir='ltr'><strong>quod</strong></span> <span class='ocrx_word' id='word_1_133' title='bbox 1624 1355 2063 1408; x_wconf 90' lang='lat' dir='ltr'><strong>subsecuturum</strong></span> <span class='ocrx_word' id='word_1_134' title='bbox 2093 1356 2235 1415; x_wconf 89' lang='lat' dir='ltr'><strong>esset,</strong></span> <span class='ocrx_word' id='word_1_135' title='bbox 2266 1355 2503 1407; x_wconf 82' lang='lat' dir='ltr'><strong>discrete</strong></span> 
     </span>
     <span class='ocr_line' id='line_1_16' title="bbox 297 1426 2503 1493; baseline -0.001 -14"><span class='ocrx_word' id='word_1_136' title='bbox 297 1430 733 1493; x_wconf 66' lang='lat' dir='ltr'><strong>praemonitum,</strong></span> <span class='ocrx_word' id='word_1_137' title='bbox 769 1426 918 1477; x_wconf 92' lang='lat' dir='ltr'><strong>mihi</strong></span> <span class='ocrx_word' id='word_1_138' title='bbox 950 1426 1286 1491; x_wconf 89' lang='lat' dir='ltr'><strong>responderi</strong></span> <span class='ocrx_word' id='word_1_139' title='bbox 1318 1427 1654 1491; x_wconf 83' lang='lat' dir='ltr'><strong>permiserit,</strong></span> <span class='ocrx_word' id='word_1_140' title='bbox 1692 1426 1791 1479; x_wconf 86' lang='lat' dir='ltr'><strong>fibi</strong></span> <span class='ocrx_word' id='word_1_141' title='bbox 1824 1442 1948 1478; x_wconf 94' lang='lat' dir='ltr'><strong>non</strong></span> <span class='ocrx_word' id='word_1_142' title='bbox 1981 1427 2084 1478; x_wconf 89' lang='lat' dir='ltr'><strong>esse</strong></span> <span class='ocrx_word' id='word_1_143' title='bbox 2117 1429 2409 1491; x_wconf 88' lang='lat' dir='ltr'><strong>integrum</strong></span> <span class='ocrx_word' id='word_1_144' title='bbox 2440 1428 2503 1477; x_wconf 89' lang='lat' dir='ltr'><strong>in</strong></span> 
     </span>
     <span class='ocr_line' id='line_1_17' title="bbox 297 1497 2503 1563; baseline -0.001 -13"><span class='ocrx_word' id='word_1_145' title='bbox 297 1499 687 1550; x_wconf 82' lang='lat' dir='ltr'><strong>Astronomici</strong></span> <span class='ocrx_word' id='word_1_146' title='bbox 721 1500 974 1563; x_wconf 87' lang='lat' dir='ltr'><strong>exercitij</strong></span> <span class='ocrx_word' id='word_1_147' title='bbox 1012 1497 1655 1562; x_wconf 87' lang='lat' dir='ltr'><strong>Instrumentorumque</strong></span> <span class='ocrx_word' id='word_1_148' title='bbox 1686 1513 1757 1549; x_wconf 94' lang='lat' dir='ltr'><strong>eo</strong></span> <span class='ocrx_word' id='word_1_149' title='bbox 1786 1499 2206 1562; x_wconf 90' lang='lat' dir='ltr'><strong>pertinentium</strong></span> <span class='ocrx_word' id='word_1_150' title='bbox 2234 1497 2503 1549; x_wconf 90' lang='lat' dir='ltr'><strong>sustenta-</strong></span> 
     </span>
     <span class='ocr_line' id='line_1_18' title="bbox 296 1568 2502 1633; baseline -0.001 -11"><span class='ocrx_word' id='word_1_151' title='bbox 296 1573 520 1622; x_wconf 91' lang='lat' dir='ltr'><strong>tionem</strong></span> <span class='ocrx_word' id='word_1_152' title='bbox 541 1571 847 1633; x_wconf 89' lang='lat' dir='ltr'><strong>quippiam</strong></span> <span class='ocrx_word' id='word_1_153' title='bbox 867 1569 1226 1633; x_wconf 90' lang='lat' dir='ltr'><strong>impendere,</strong></span> <span class='ocrx_word' id='word_1_154' title='bbox 1253 1568 1551 1621; x_wconf 67' lang='lat' dir='ltr'><strong>subtractis</strong></span> <span class='ocrx_word' id='word_1_155' title='bbox 1573 1573 1752 1621; x_wconf 90' lang='lat' dir='ltr'><strong>etiam</strong></span> <span class='ocrx_word' id='word_1_156' title='bbox 1771 1569 2086 1628; x_wconf 83' lang='lat' dir='ltr'><strong>successive,</strong></span> <span class='ocrx_word' id='word_1_157' title='bbox 2113 1569 2300 1620; x_wconf 87' lang='lat' dir='ltr'><strong>statim</strong></span> <span class='ocrx_word' id='word_1_158' title='bbox 2321 1584 2389 1620; x_wconf 93' lang='lat' dir='ltr'><strong>ac</strong></span> <span class='ocrx_word' id='word_1_159' title='bbox 2410 1584 2502 1620; x_wconf 95' lang='lat' dir='ltr'><strong>co-</strong></span> 
     </span>
     <span class='ocr_line' id='line_1_19' title="bbox 298 1639 2505 1705; baseline -0.001 -12"><span class='ocrx_word' id='word_1_160' title='bbox 298 1648 542 1693; x_wconf 88' lang='lat' dir='ltr'><strong>ronatus</strong></span> <span class='ocrx_word' id='word_1_161' title='bbox 573 1639 663 1700; x_wconf 82' lang='lat' dir='ltr'><strong>est,</strong></span> <span class='ocrx_word' id='word_1_162' title='bbox 697 1639 1019 1704; x_wconf 85' lang='lat' dir='ltr'><strong>sumptibus</strong></span> <span class='ocrx_word' id='word_1_163' title='bbox 1049 1640 1123 1692; x_wconf 95' lang='lat' dir='ltr'><strong>ab</strong></span> <span class='ocrx_word' id='word_1_164' title='bbox 1154 1643 1378 1704; x_wconf 91' lang='lat' dir='ltr'><strong>optimo</strong></span> <span class='ocrx_word' id='word_1_165' title='bbox 1407 1641 1655 1692; x_wconf 90' lang='lat' dir='ltr'><strong>Parente</strong></span> <span class='ocrx_word' id='word_1_166' title='bbox 1686 1647 1741 1691; x_wconf 91' lang='lat' dir='ltr'><strong>et</strong></span> <span class='ocrx_word' id='word_1_167' title='bbox 1771 1641 1953 1705; x_wconf 90' lang='lat' dir='ltr'><strong>Regni</strong></span> <span class='ocrx_word' id='word_1_168' title='bbox 1983 1640 2324 1704; x_wconf 88' lang='lat' dir='ltr'><strong>confiliarijs</strong></span> <span class='ocrx_word' id='word_1_169' title='bbox 2355 1639 2505 1691; x_wconf 92' lang='lat' dir='ltr'><strong>mihi</strong></span> 
     </span>
     <span class='ocr_line' id='line_1_20' title="bbox 298 1711 2502 1776; baseline 0 -14"><span class='ocrx_word' id='word_1_170' title='bbox 298 1712 567 1763; x_wconf 91' lang='lat' dir='ltr'><strong>concessis</strong></span> <span class='ocrx_word' id='word_1_171' title='bbox 594 1718 648 1762; x_wconf 92' lang='lat' dir='ltr'><strong>et</strong></span> <span class='ocrx_word' id='word_1_172' title='bbox 675 1727 747 1762; x_wconf 90' lang='lat' dir='ltr'><strong>eo</strong></span> <span class='ocrx_word' id='word_1_173' title='bbox 774 1711 1081 1776; x_wconf 84' lang='lat' dir='ltr'><strong>deputatiS‚</strong></span> <span class='ocrx_word' id='word_1_174' title='bbox 1108 1727 1232 1762; x_wconf 93' lang='lat' dir='ltr'><strong>non</strong></span> <span class='ocrx_word' id='word_1_175' title='bbox 1259 1712 1601 1763; x_wconf 89' lang='lat' dir='ltr'><strong>curantibus</strong></span> <span class='ocrx_word' id='word_1_176' title='bbox 1627 1714 1699 1776; x_wconf 86' lang='lat' dir='ltr'><strong>ijs</strong></span> <span class='ocrx_word' id='word_1_177' title='bbox 1726 1714 1828 1775; x_wconf 92' lang='lat' dir='ltr'><strong>qui</strong></span> <span class='ocrx_word' id='word_1_178' title='bbox 1850 1711 1990 1776; x_wconf 91' lang='lat' dir='ltr'><strong>Regi</strong></span> <span class='ocrx_word' id='word_1_179' title='bbox 2009 1711 2139 1763; x_wconf 90' lang='lat' dir='ltr'><strong>sunt</strong></span> <span class='ocrx_word' id='word_1_180' title='bbox 2164 1711 2238 1763; x_wconf 91' lang='lat' dir='ltr'><strong>ab</strong></span> <span class='ocrx_word' id='word_1_181' title='bbox 2264 1713 2502 1770; x_wconf 85' lang='lat' dir='ltr'><strong>intimiS,</strong></span> 
     </span>
     <span class='ocr_line' id='line_1_21' title="bbox 299 1781 2502 1847; baseline -0 -12"><span class='ocrx_word' id='word_1_182' title='bbox 299 1784 548 1835; x_wconf 90' lang='lat' dir='ltr'><strong>Senatus</strong></span> <span class='ocrx_word' id='word_1_183' title='bbox 579 1781 929 1833; x_wconf 90' lang='lat' dir='ltr'><strong>Consultum</strong></span> <span class='ocrx_word' id='word_1_184' title='bbox 957 1797 1099 1834; x_wconf 93' lang='lat' dir='ltr'><strong>mox</strong></span> <span class='ocrx_word' id='word_1_185' title='bbox 1129 1783 1202 1835; x_wconf 92' lang='lat' dir='ltr'><strong>ab</strong></span> <span class='ocrx_word' id='word_1_186' title='bbox 1233 1783 1397 1834; x_wconf 91' lang='lat' dir='ltr'><strong>obitu</strong></span> <span class='ocrx_word' id='word_1_187' title='bbox 1427 1782 1820 1835; x_wconf 90' lang='lat' dir='ltr'><strong>FRIDERICI</strong></span> <span class='ocrx_word' id='word_1_188' title='bbox 1851 1783 2020 1847; x_wconf 90' lang='lat' dir='ltr'><strong>Regis</strong></span> <span class='ocrx_word' id='word_1_189' title='bbox 2052 1782 2200 1834; x_wconf 92' lang='lat' dir='ltr'><strong>mihi</strong></span> <span class='ocrx_word' id='word_1_190' title='bbox 2228 1785 2291 1834; x_wconf 92' lang='lat' dir='ltr'><strong>in</strong></span> <span class='ocrx_word' id='word_1_191' title='bbox 2320 1798 2502 1834; x_wconf 88' lang='lat' dir='ltr'><strong>mem-</strong></span> 
     </span>
     <span class='ocr_line' id='line_1_22' title="bbox 297 1853 2503 1919; baseline -0 -13"><span class='ocrx_word' id='word_1_192' title='bbox 297 1856 484 1906; x_wconf 87' lang='lat' dir='ltr'><strong>brana</strong></span> <span class='ocrx_word' id='word_1_193' title='bbox 510 1856 888 1917; x_wconf 91' lang='lat' dir='ltr'><strong>impertitum,</strong></span> <span class='ocrx_word' id='word_1_194' title='bbox 916 1859 971 1905; x_wconf 93' lang='lat' dir='ltr'><strong>et</strong></span> <span class='ocrx_word' id='word_1_195' title='bbox 991 1869 1028 1905; x_wconf 90' lang='lat' dir='ltr'><strong>a</strong></span> <span class='ocrx_word' id='word_1_196' title='bbox 1048 1853 1335 1906; x_wconf 89' lang='lat' dir='ltr'><strong>Primario</strong></span> <span class='ocrx_word' id='word_1_197' title='bbox 1357 1869 1567 1906; x_wconf 89' lang='lat' dir='ltr'><strong>eorum</strong></span> <span class='ocrx_word' id='word_1_198' title='bbox 1588 1856 1690 1918; x_wconf 92' lang='lat' dir='ltr'><strong>qui</strong></span> <span class='ocrx_word' id='word_1_199' title='bbox 1714 1869 1872 1905; x_wconf 90' lang='lat' dir='ltr'><strong>nunc</strong></span> <span class='ocrx_word' id='word_1_200' title='bbox 1894 1853 2096 1906; x_wconf 86' lang='lat' dir='ltr'><strong>Curiae</strong></span> <span class='ocrx_word' id='word_1_201' title='bbox 2117 1853 2392 1919; x_wconf 89' lang='lat' dir='ltr'><strong>Magister</strong></span> <span class='ocrx_word' id='word_1_202' title='bbox 2413 1853 2503 1913; x_wconf 86' lang='lat' dir='ltr'><strong>est,</strong></span> 
     </span>
     <span class='ocr_line' id='line_1_23' title="bbox 297 1920 2504 1993; baseline -0 -16"><span class='ocrx_word' id='word_1_203' title='bbox 297 1926 495 1990; x_wconf 91' lang='lat' dir='ltr'><strong>suapte</strong></span> <span class='ocrx_word' id='word_1_204' title='bbox 516 1940 702 1976; x_wconf 93' lang='lat' dir='ltr'><strong>manu</strong></span> <span class='ocrx_word' id='word_1_205' title='bbox 722 1924 1099 1988; x_wconf 89' lang='lat' dir='ltr'><strong>subscriptum</strong></span> <span class='ocrx_word' id='word_1_206' title='bbox 1121 1931 1176 1977; x_wconf 92' lang='lat' dir='ltr'><strong>et</strong></span> <span class='ocrx_word' id='word_1_207' title='bbox 1195 1925 1376 1990; x_wconf 89' lang='lat' dir='ltr'><strong>figillo</strong></span> <span class='ocrx_word' id='word_1_208' title='bbox 1397 1928 1713 1985; x_wconf 88' lang='lat' dir='ltr'><strong>munitum,</strong></span> <span class='ocrx_word' id='word_1_209' title='bbox 1734 1925 1807 1977; x_wconf 88' lang='lat' dir='ltr'><strong>fic</strong></span> <span class='ocrx_word' id='word_1_210' title='bbox 1828 1925 1988 1990; x_wconf 95' lang='lat' dir='ltr'><strong>quod</strong></span> <span class='ocrx_word' id='word_1_211' title='bbox 2008 1925 2156 1977; x_wconf 92' lang='lat' dir='ltr'><strong>alias</strong></span> <span class='ocrx_word' id='word_1_212' title='bbox 2172 1920 2192 1993; x_wconf 90' lang='grc' dir='ltr'><strong>ΙΙ</strong></span> <span class='ocrx_word' id='word_1_213' title='bbox 2206 1924 2504 1976; x_wconf 88' lang='lat' dir='ltr'><strong>insolitum</strong></span> 
     </span>
     <span class='ocr_line' id='line_1_24' title="bbox 298 1995 2504 2062; baseline -0 -14"><span class='ocrx_word' id='word_1_214' title='bbox 298 1997 388 2057; x_wconf 87' lang='lat' dir='ltr'><strong>est,</strong></span> <span class='ocrx_word' id='word_1_215' title='bbox 424 1995 804 2048; x_wconf 90' lang='lat' dir='ltr'><strong>exauthorari</strong></span> <span class='ocrx_word' id='word_1_216' title='bbox 832 1995 981 2048; x_wconf 88' lang='lat' dir='ltr'><strong>fecit.</strong></span> <span class='ocrx_word' id='word_1_217' title='bbox 1015 1996 1190 2049; x_wconf 94' lang='lat' dir='ltr'><strong>Unde</strong></span> <span class='ocrx_word' id='word_1_218' title='bbox 1220 1995 1439 2049; x_wconf 71' lang='lat' dir='ltr'><strong>factum</strong></span> <span class='ocrx_word' id='word_1_219' title='bbox 1469 1997 1559 2057; x_wconf 87' lang='lat' dir='ltr'><strong>est,</strong></span> <span class='ocrx_word' id='word_1_220' title='bbox 1592 1996 2136 2061; x_wconf 89' lang='lat' dir='ltr'><strong>supervenientibus</strong></span> <span class='ocrx_word' id='word_1_221' title='bbox 2166 1999 2345 2048; x_wconf 89' lang='lat' dir='ltr'><strong>etiam</strong></span> <span class='ocrx_word' id='word_1_222' title='bbox 2373 1996 2504 2062; x_wconf 88' lang='lat' dir='ltr'><strong>alijs</strong></span> 
     </span>
     <span class='ocr_line' id='line_1_25' title="bbox 296 2067 2503 2132; baseline 0 -14"><span class='ocrx_word' id='word_1_223' title='bbox 296 2067 814 2127; x_wconf 85' lang='lat' dir='ltr'><strong>molestationibuS‚</strong></span> <span class='ocrx_word' id='word_1_224' title='bbox 836 2074 899 2119; x_wconf 93' lang='lat' dir='ltr'><strong>ut</strong></span> <span class='ocrx_word' id='word_1_225' title='bbox 918 2067 1260 2132; x_wconf 90' lang='lat' dir='ltr'><strong>priusquam</strong></span> <span class='ocrx_word' id='word_1_226' title='bbox 1275 2067 1684 2129; x_wconf 87' lang='lat' dir='ltr'><strong>Astronomiae,</strong></span> <span class='ocrx_word' id='word_1_227' title='bbox 1707 2071 1874 2120; x_wconf 93' lang='lat' dir='ltr'><strong>cuius</strong></span> <span class='ocrx_word' id='word_1_228' title='bbox 1890 2075 2012 2120; x_wconf 93' lang='lat' dir='ltr'><strong>tam</strong></span> <span class='ocrx_word' id='word_1_229' title='bbox 2027 2068 2130 2120; x_wconf 93' lang='lat' dir='ltr'><strong>diu</strong></span> <span class='ocrx_word' id='word_1_230' title='bbox 2143 2074 2384 2132; x_wconf 90' lang='lat' dir='ltr'><strong>tamque</strong></span> <span class='ocrx_word' id='word_1_231' title='bbox 2397 2071 2503 2119; x_wconf 90' lang='lat' dir='ltr'><strong>im-</strong></span> 
     </span>
     <span class='ocr_line' id='line_1_26' title="bbox 296 2138 2503 2204; baseline -0 -13"><span class='ocrx_word' id='word_1_232' title='bbox 296 2139 470 2204; x_wconf 86' lang='lat' dir='ltr'><strong>pense</strong></span> <span class='ocrx_word' id='word_1_233' title='bbox 491 2138 1013 2190; x_wconf 89' lang='lat' dir='ltr'><strong>reaedificationem</strong></span> <span class='ocrx_word' id='word_1_234' title='bbox 1032 2141 1095 2190; x_wconf 91' lang='lat' dir='ltr'><strong>in</strong></span> <span class='ocrx_word' id='word_1_235' title='bbox 1115 2140 1311 2191; x_wconf 91' lang='lat' dir='ltr'><strong>Patria</strong></span> <span class='ocrx_word' id='word_1_236' title='bbox 1329 2139 1570 2191; x_wconf 94' lang='lat' dir='ltr'><strong>molitus</strong></span> <span class='ocrx_word' id='word_1_237' title='bbox 1590 2139 1734 2200; x_wconf 92' lang='lat' dir='ltr'><strong>sum,</strong></span> <span class='ocrx_word' id='word_1_238' title='bbox 1762 2142 2001 2191; x_wconf 92' lang='lat' dir='ltr'><strong>ruinam</strong></span> <span class='ocrx_word' id='word_1_239' title='bbox 2026 2139 2244 2191; x_wconf 91' lang='lat' dir='ltr'><strong>ibidem</strong></span> <span class='ocrx_word' id='word_1_240' title='bbox 2270 2139 2503 2191; x_wconf 92' lang='lat' dir='ltr'><strong>indeco-</strong></span> 
     </span>
     <span class='ocr_line' id='line_1_27' title="bbox 298 2209 2506 2275; baseline 0 -13"><span class='ocrx_word' id='word_1_241' title='bbox 298 2226 427 2262; x_wconf 89' lang='lat' dir='ltr'><strong>ram</strong></span> <span class='ocrx_word' id='word_1_242' title='bbox 458 2209 611 2261; x_wconf 90' lang='lat' dir='ltr'><strong>hisce</strong></span> <span class='ocrx_word' id='word_1_243' title='bbox 644 2209 831 2262; x_wconf 93' lang='lat' dir='ltr'><strong>oculis</strong></span> <span class='ocrx_word' id='word_1_244' title='bbox 862 2209 1194 2275; x_wconf 71' lang='lat' dir='ltr'><strong>spectarem,</strong></span> <span class='ocrx_word' id='word_1_245' title='bbox 1231 2211 1420 2263; x_wconf 94' lang='lat' dir='ltr'><strong>multo</strong></span> <span class='ocrx_word' id='word_1_246' title='bbox 1454 2214 1649 2275; x_wconf 92' lang='lat' dir='ltr'><strong>potius</strong></span> <span class='ocrx_word' id='word_1_247' title='bbox 1685 2211 2001 2263; x_wconf 91' lang='lat' dir='ltr'><strong>maluerim</strong></span> <span class='ocrx_word' id='word_1_248' title='bbox 2032 2211 2216 2275; x_wconf 92' lang='lat' dir='ltr'><strong>ipsam</strong></span> <span class='ocrx_word' id='word_1_249' title='bbox 2248 2211 2506 2262; x_wconf 88' lang='lat' dir='ltr'><strong>Patriam</strong></span> 
     </span>
     <span class='ocr_line' id='line_1_28' title="bbox 298 2281 2504 2346; baseline 0 -14"><span class='ocrx_word' id='word_1_250' title='bbox 298 2298 434 2333; x_wconf 93' lang='lat' dir='ltr'><strong>cum</strong></span> <span class='ocrx_word' id='word_1_251' title='bbox 455 2281 731 2332; x_wconf 90' lang='lat' dir='ltr'><strong>omnibus</strong></span> <span class='ocrx_word' id='word_1_252' title='bbox 746 2284 809 2332; x_wconf 92' lang='lat' dir='ltr'><strong>in</strong></span> <span class='ocrx_word' id='word_1_253' title='bbox 823 2297 895 2332; x_wconf 92' lang='lat' dir='ltr'><strong>ea</strong></span> <span class='ocrx_word' id='word_1_254' title='bbox 909 2281 1359 2346; x_wconf 90' lang='lat' dir='ltr'><strong>consanguineis</strong></span> <span class='ocrx_word' id='word_1_255' title='bbox 1374 2288 1430 2333; x_wconf 91' lang='lat' dir='ltr'><strong>et</strong></span> <span class='ocrx_word' id='word_1_256' title='bbox 1443 2285 1649 2334; x_wconf 89' lang='lat' dir='ltr'><strong>amicis</strong></span> <span class='ocrx_word' id='word_1_257' title='bbox 1663 2282 2073 2346; x_wconf 90' lang='lat' dir='ltr'><strong>derelinquere</strong></span> <span class='ocrx_word' id='word_1_258' title='bbox 2088 2289 2264 2346; x_wconf 92' lang='lat' dir='ltr'><strong>atque</strong></span> <span class='ocrx_word' id='word_1_259' title='bbox 2279 2284 2342 2334; x_wconf 92' lang='lat' dir='ltr'><strong>in</strong></span> <span class='ocrx_word' id='word_1_260' title='bbox 2358 2281 2504 2334; x_wconf 88' lang='lat' dir='ltr'><strong>Ger-</strong></span> 
     </span>
     <span class='ocr_line' id='line_1_29' title="bbox 298 2352 2504 2418; baseline 0 -15"><span class='ocrx_word' id='word_1_261' title='bbox 298 2355 564 2404; x_wconf 89' lang='lat' dir='ltr'><strong>maniam</strong></span> <span class='ocrx_word' id='word_1_262' title='bbox 577 2367 674 2403; x_wconf 93' lang='lat' dir='ltr'><strong>me</strong></span> <span class='ocrx_word' id='word_1_263' title='bbox 689 2367 825 2403; x_wconf 93' lang='lat' dir='ltr'><strong>cum</strong></span> <span class='ocrx_word' id='word_1_264' title='bbox 841 2352 1111 2418; x_wconf 89' lang='lat' dir='ltr'><strong>Coniuge</strong></span> <span class='ocrx_word' id='word_1_265' title='bbox 1128 2360 1182 2405; x_wconf 92' lang='lat' dir='ltr'><strong>et</strong></span> <span class='ocrx_word' id='word_1_266' title='bbox 1196 2353 1393 2405; x_wconf 90' lang='lat' dir='ltr'><strong>liberis</strong></span> <span class='ocrx_word' id='word_1_267' title='bbox 1406 2359 1648 2417; x_wconf 90' lang='lat' dir='ltr'><strong>totaque</strong></span> <span class='ocrx_word' id='word_1_268' title='bbox 1664 2369 1801 2405; x_wconf 92' lang='lat' dir='ltr'><strong>mea</strong></span> <span class='ocrx_word' id='word_1_269' title='bbox 1818 2353 2061 2414; x_wconf 88' lang='lat' dir='ltr'><strong>familia,</strong></span> <span class='ocrx_word' id='word_1_270' title='bbox 2083 2354 2364 2417; x_wconf 90' lang='lat' dir='ltr'><strong>assumpto</strong></span> <span class='ocrx_word' id='word_1_271' title='bbox 2384 2369 2504 2404; x_wconf 92' lang='lat' dir='ltr'><strong>me-</strong></span> 
     </span>
     <span class='ocr_line' id='line_1_30' title="bbox 299 2423 2504 2488; baseline 0 -13"><span class='ocrx_word' id='word_1_272' title='bbox 299 2439 435 2475; x_wconf 93' lang='lat' dir='ltr'><strong>cum</strong></span> <span class='ocrx_word' id='word_1_273' title='bbox 456 2425 675 2488; x_wconf 91' lang='lat' dir='ltr'><strong>ingenti</strong></span> <span class='ocrx_word' id='word_1_274' title='bbox 695 2423 798 2475; x_wconf 91' lang='lat' dir='ltr'><strong>illo</strong></span> <span class='ocrx_word' id='word_1_275' title='bbox 819 2430 1110 2488; x_wconf 92' lang='lat' dir='ltr'><strong>apparatu</strong></span> <span class='ocrx_word' id='word_1_276' title='bbox 1130 2424 1556 2484; x_wconf 73' lang='lat' dir='ltr'><strong>AstronomicQ</strong></span> <span class='ocrx_word' id='word_1_277' title='bbox 1585 2425 1922 2485; x_wconf 89' lang='lat' dir='ltr'><strong>concedere,</strong></span> <span class='ocrx_word' id='word_1_278' title='bbox 1951 2426 2111 2488; x_wconf 92' lang='lat' dir='ltr'><strong>quod</strong></span> <span class='ocrx_word' id='word_1_279' title='bbox 2138 2431 2274 2476; x_wconf 91' lang='lat' dir='ltr'><strong>ante</strong></span> <span class='ocrx_word' id='word_1_280' title='bbox 2297 2423 2504 2488; x_wconf 89' lang='lat' dir='ltr'><strong>sesqui-</strong></span> 
     </span>
     <span class='ocr_line' id='line_1_31' title="bbox 299 2494 2502 2560; baseline 0 -15"><span class='ocrx_word' id='word_1_281' title='bbox 299 2495 551 2546; x_wconf 90' lang='lat' dir='ltr'><strong>alterum</strong></span> <span class='ocrx_word' id='word_1_282' title='bbox 572 2510 816 2554; x_wconf 91' lang='lat' dir='ltr'><strong>annum,</strong></span> <span class='ocrx_word' id='word_1_283' title='bbox 838 2494 878 2546; x_wconf 88' lang='lat' dir='ltr'>fi</span> <span class='ocrx_word' id='word_1_284' title='bbox 897 2494 1044 2546; x_wconf 90' lang='lat' dir='ltr'><strong>forte</strong></span> <span class='ocrx_word' id='word_1_285' title='bbox 1066 2495 1262 2547; x_wconf 90' lang='lat' dir='ltr'><strong>adhuc</strong></span> <span class='ocrx_word' id='word_1_286' title='bbox 1282 2495 1495 2547; x_wconf 89' lang='lat' dir='ltr'><strong>inscius</strong></span> <span class='ocrx_word' id='word_1_287' title='bbox 1517 2511 1595 2556; x_wconf 84' lang='lat' dir='ltr'><strong>eS‚</strong></span> <span class='ocrx_word' id='word_1_288' title='bbox 1616 2496 1885 2560; x_wconf 89' lang='lat' dir='ltr'><strong>praesenti</strong></span> <span class='ocrx_word' id='word_1_289' title='bbox 1907 2503 1961 2547; x_wconf 88' lang='lat' dir='ltr'><strong>et</strong></span> <span class='ocrx_word' id='word_1_290' title='bbox 1981 2495 2114 2547; x_wconf 86' lang='lat' dir='ltr'><strong>forti</strong></span> <span class='ocrx_word' id='word_1_291' title='bbox 2132 2498 2336 2547; x_wconf 90' lang='lat' dir='ltr'><strong>animo</strong></span> <span class='ocrx_word' id='word_1_292' title='bbox 2353 2512 2390 2547; x_wconf 93' lang='lat' dir='ltr'><strong>a</strong></span> <span class='ocrx_word' id='word_1_293' title='bbox 2405 2510 2502 2547; x_wconf 93' lang='lat' dir='ltr'><strong>me</strong></span> 
     </span>
     <span class='ocr_line' id='line_1_32' title="bbox 299 2564 2503 2618; baseline 0 -1"><span class='ocrx_word' id='word_1_294' title='bbox 299 2564 517 2618; x_wconf 65' lang='lat' dir='ltr'><strong>factum</strong></span> <span class='ocrx_word' id='word_1_295' title='bbox 538 2565 628 2617; x_wconf 87' lang='lat' dir='ltr'><strong>est.</strong></span> <span class='ocrx_word' id='word_1_296' title='bbox 651 2565 881 2618; x_wconf 86' lang='lat' dir='ltr'><strong>Substiti</strong></span> <span class='ocrx_word' id='word_1_297' title='bbox 900 2572 1102 2618; x_wconf 91' lang='lat' dir='ltr'><strong>tamen</strong></span> <span class='ocrx_word' id='word_1_298' title='bbox 1121 2569 1348 2618; x_wconf 92' lang='lat' dir='ltr'><strong>interea</strong></span> <span class='ocrx_word' id='word_1_299' title='bbox 1368 2582 1502 2618; x_wconf 91' lang='lat' dir='ltr'><strong>cum</strong></span> <span class='ocrx_word' id='word_1_300' title='bbox 1523 2570 1673 2618; x_wconf 92' lang='lat' dir='ltr'><strong>meis</strong></span> <span class='ocrx_word' id='word_1_301' title='bbox 1693 2570 1858 2618; x_wconf 89' lang='lat' dir='ltr'><strong>iuxta</strong></span> <span class='ocrx_word' id='word_1_302' title='bbox 1878 2566 2027 2618; x_wconf 93' lang='lat' dir='ltr'><strong>fines</strong></span> <span class='ocrx_word' id='word_1_303' title='bbox 2049 2567 2265 2618; x_wconf 88' lang='lat' dir='ltr'><strong>Daniae</strong></span> <span class='ocrx_word' id='word_1_304' title='bbox 2284 2573 2339 2618; x_wconf 88' lang='lat' dir='ltr'><strong>et</strong></span> <span class='ocrx_word' id='word_1_305' title='bbox 2358 2566 2503 2618; x_wconf 91' lang='lat' dir='ltr'><strong>Ger-</strong></span> 
     </span>
    </p>
   </div>
   <div class='ocr_carea' id='block_1_3' title="bbox 221 2636 2503 2704">
    <p class='ocr_par' dir='ltr' id='par_1_4' title="bbox 221 2636 2503 2704">
     <span class='ocr_line' id='line_1_33' title="bbox 221 2636 2503 2704; baseline 0 -16"><span class='ocrx_word' id='word_1_306' title='bbox 221 2700 224 2704; x_wconf 25' lang='lat'><strong>,</strong></span> <span class='ocrx_word' id='word_1_307' title='bbox 299 2639 519 2688; x_wconf 86' lang='lat' dir='ltr'><strong>maniae</strong></span> <span class='ocrx_word' id='word_1_308' title='bbox 539 2639 602 2688; x_wconf 93' lang='lat' dir='ltr'><strong>in</strong></span> <span class='ocrx_word' id='word_1_309' title='bbox 623 2652 757 2689; x_wconf 89' lang='lat' dir='ltr'><strong>arce</strong></span> <span class='ocrx_word' id='word_1_310' title='bbox 778 2636 1039 2701; x_wconf 92' lang='lat' dir='ltr'><strong>quadam</strong></span> <span class='ocrx_word' id='word_1_311' title='bbox 1060 2637 1447 2689; x_wconf 91' lang='lat' dir='ltr'><strong>Ranzoviana</strong></span> <span class='ocrx_word' id='word_1_312' title='bbox 1466 2653 1649 2702; x_wconf 92' lang='lat' dir='ltr'><strong>prope</strong></span> <span class='ocrx_word' id='word_1_313' title='bbox 1671 2638 2090 2702; x_wconf 91' lang='lat' dir='ltr'><strong>Hamburgum</strong></span> <span class='ocrx_word' id='word_1_314' title='bbox 2110 2637 2227 2697; x_wconf 88' lang='lat' dir='ltr'><strong>fita,</strong></span> <span class='ocrx_word' id='word_1_315' title='bbox 2256 2653 2376 2702; x_wconf 95' lang='lat' dir='ltr'><strong>quo</strong></span> <span class='ocrx_word' id='word_1_316' title='bbox 2400 2653 2503 2689; x_wconf 93' lang='lat' dir='ltr'><strong>no-</strong></span> 
     </span>
    </p>
   </div>
   <div class='ocr_carea' id='block_1_4' title="bbox 298 2706 2505 3472">
    <p class='ocr_par' dir='ltr' id='par_1_5' title="bbox 298 2706 2505 3414">
     <span class='ocr_line' id='line_1_34' title="bbox 298 2706 2505 2773; baseline 0 -14"><span class='ocrx_word' id='word_1_317' title='bbox 298 2707 564 2760; x_wconf 85' lang='lat' dir='ltr'><strong>stratibus</strong></span> <span class='ocrx_word' id='word_1_318' title='bbox 583 2723 709 2760; x_wconf 90' lang='lat' dir='ltr'><strong>rem</strong></span> <span class='ocrx_word' id='word_1_319' title='bbox 729 2706 940 2760; x_wconf 67' lang='lat' dir='ltr'><strong>rectius</strong></span> <span class='ocrx_word' id='word_1_320' title='bbox 961 2707 1315 2773; x_wconf 90' lang='lat' dir='ltr'><strong>dispiciendi,</strong></span> <span class='ocrx_word' id='word_1_321' title='bbox 1343 2709 1570 2769; x_wconf 87' lang='lat' dir='ltr'><strong>Patriae,</strong></span> <span class='ocrx_word' id='word_1_322' title='bbox 1593 2712 1688 2761; x_wconf 93' lang='lat' dir='ltr'><strong>cui</strong></span> <span class='ocrx_word' id='word_1_323' title='bbox 1707 2709 1962 2760; x_wconf 94' lang='lat' dir='ltr'><strong>multum</strong></span> <span class='ocrx_word' id='word_1_324' title='bbox 1983 2709 2281 2767; x_wconf 87' lang='lat' dir='ltr'><strong>debemus,</strong></span> <span class='ocrx_word' id='word_1_325' title='bbox 2309 2708 2505 2761; x_wconf 90' lang='lat' dir='ltr'><strong>adhuc</strong></span> 
     </span>
     <span class='ocr_line' id='line_1_35' title="bbox 298 2779 2505 2844; baseline 0 -14"><span class='ocrx_word' id='word_1_326' title='bbox 298 2779 546 2840; x_wconf 85' lang='lat' dir='ltr'><strong>studenS,</strong></span> <span class='ocrx_word' id='word_1_327' title='bbox 579 2779 713 2831; x_wconf 86' lang='lat' dir='ltr'><strong>satis</strong></span> <span class='ocrx_word' id='word_1_328' title='bbox 744 2783 1025 2844; x_wconf 89' lang='lat' dir='ltr'><strong>temporis</strong></span> <span class='ocrx_word' id='word_1_329' title='bbox 1056 2780 1470 2844; x_wconf 90' lang='lat' dir='ltr'><strong>relinquerem,</strong></span> <span class='ocrx_word' id='word_1_330' title='bbox 1504 2787 1681 2844; x_wconf 92' lang='lat' dir='ltr'><strong>atque</strong></span> <span class='ocrx_word' id='word_1_331' title='bbox 1712 2796 1783 2832; x_wconf 91' lang='lat' dir='ltr'><strong>eo</strong></span> <span class='ocrx_word' id='word_1_332' title='bbox 1812 2780 2000 2832; x_wconf 86' lang='lat' dir='ltr'><strong>forem</strong></span> <span class='ocrx_word' id='word_1_333' title='bbox 2031 2779 2431 2840; x_wconf 87' lang='lat' dir='ltr'><strong>excusabilior,</strong></span> <span class='ocrx_word' id='word_1_334' title='bbox 2464 2780 2505 2831; x_wconf 87' lang='lat' dir='ltr'>fi</span> 
     </span>
     <span class='ocr_line' id='line_1_36' title="bbox 300 2850 2505 2915; baseline 0.001 -14"><span class='ocrx_word' id='word_1_335' title='bbox 300 2850 418 2902; x_wconf 93' lang='lat' dir='ltr'><strong>alio</strong></span> <span class='ocrx_word' id='word_1_336' title='bbox 450 2866 546 2902; x_wconf 91' lang='lat' dir='ltr'><strong>me</strong></span> <span class='ocrx_word' id='word_1_337' title='bbox 577 2850 811 2915; x_wconf 93' lang='lat' dir='ltr'><strong>prorsus</strong></span> <span class='ocrx_word' id='word_1_338' title='bbox 841 2858 1260 2903; x_wconf 88' lang='lat' dir='ltr'><strong>converterem.</strong></span> <span class='ocrx_word' id='word_1_339' title='bbox 1291 2851 1514 2903; x_wconf 88' lang='lat' dir='ltr'><strong>Verum</strong></span> <span class='ocrx_word' id='word_1_340' title='bbox 1548 2868 1684 2903; x_wconf 92' lang='lat' dir='ltr'><strong>cum</strong></span> <span class='ocrx_word' id='word_1_341' title='bbox 1715 2852 1773 2903; x_wconf 93' lang='lat' dir='ltr'><strong>id</strong></span> <span class='ocrx_word' id='word_1_342' title='bbox 1806 2851 2196 2903; x_wconf 89' lang='lat' dir='ltr'><strong>nihilominus</strong></span> <span class='ocrx_word' id='word_1_343' title='bbox 2228 2853 2505 2903; x_wconf 84' lang='lat' dir='ltr'><strong>incassum</strong></span> 
     </span>
     <span class='ocr_line' id='line_1_37' title="bbox 300 2921 2503 2987; baseline 0 -14"><span class='ocrx_word' id='word_1_344' title='bbox 300 2921 479 2981; x_wconf 91' lang='lat' dir='ltr'><strong>fieret,</strong></span> <span class='ocrx_word' id='word_1_345' title='bbox 509 2929 563 2973; x_wconf 88' lang='lat' dir='ltr'><strong>et</strong></span> <span class='ocrx_word' id='word_1_346' title='bbox 585 2922 1024 2987; x_wconf 87' lang='lat' dir='ltr'><strong>Augustissimus</strong></span> <span class='ocrx_word' id='word_1_347' title='bbox 1045 2923 1453 2975; x_wconf 92' lang='lat' dir='ltr'><strong>Romanorum</strong></span> <span class='ocrx_word' id='word_1_348' title='bbox 1475 2923 1800 2987; x_wconf 90' lang='lat' dir='ltr'><strong>Imperator</strong></span> <span class='ocrx_word' id='word_1_349' title='bbox 1826 2922 2317 2975; x_wconf 92' lang='lat' dir='ltr'><strong>RUDOLPHUS</strong></span> <span class='ocrx_word' id='word_1_350' title='bbox 2340 2922 2503 2974; x_wconf 92' lang='lat' dir='ltr'><strong>resci-</strong></span> 
     </span>
     <span class='ocr_line' id='line_1_38' title="bbox 299 2993 2503 3059; baseline 0 -15"><span class='ocrx_word' id='word_1_351' title='bbox 299 2993 459 3044; x_wconf 92' lang='lat' dir='ltr'><strong>scens</strong></span> <span class='ocrx_word' id='word_1_352' title='bbox 480 3008 575 3044; x_wconf 91' lang='lat' dir='ltr'><strong>me</strong></span> <span class='ocrx_word' id='word_1_353' title='bbox 598 3009 628 3045; x_wconf 87' lang='lat' dir='ltr'><strong>e</strong></span> <span class='ocrx_word' id='word_1_354' title='bbox 650 2993 851 3046; x_wconf 92' lang='lat' dir='ltr'><strong>Dania</strong></span> <span class='ocrx_word' id='word_1_355' title='bbox 873 2994 1164 3059; x_wconf 90' lang='lat' dir='ltr'><strong>emigrasse</strong></span> <span class='ocrx_word' id='word_1_356' title='bbox 1186 3000 1362 3058; x_wconf 90' lang='lat' dir='ltr'><strong>atque</strong></span> <span class='ocrx_word' id='word_1_357' title='bbox 1384 2994 1460 3046; x_wconf 92' lang='lat' dir='ltr'><strong>ad</strong></span> <span class='ocrx_word' id='word_1_358' title='bbox 1481 2993 1767 3046; x_wconf 88' lang='lat' dir='ltr'><strong>Holsatiae</strong></span> <span class='ocrx_word' id='word_1_359' title='bbox 1789 2994 2192 3045; x_wconf 88' lang='lat' dir='ltr'><strong>australiorem</strong></span> <span class='ocrx_word' id='word_1_360' title='bbox 2212 3009 2381 3046; x_wconf 91' lang='lat' dir='ltr'><strong>oram</strong></span> <span class='ocrx_word' id='word_1_361' title='bbox 2400 2993 2503 3045; x_wconf 94' lang='lat' dir='ltr'><strong>ha-</strong></span> 
     </span>
     <span class='ocr_line' id='line_1_39' title="bbox 299 3064 2504 3130; baseline 0.001 -16"><span class='ocrx_word' id='word_1_362' title='bbox 299 3064 500 3124; x_wconf 89' lang='lat' dir='ltr'><strong>bitare,</strong></span> <span class='ocrx_word' id='word_1_363' title='bbox 522 3079 617 3115; x_wconf 89' lang='lat' dir='ltr'><strong>me</strong></span> <span class='ocrx_word' id='word_1_364' title='bbox 638 3080 745 3128; x_wconf 94' lang='lat' dir='ltr'><strong>pro</strong></span> <span class='ocrx_word' id='word_1_365' title='bbox 764 3081 835 3117; x_wconf 92' lang='lat' dir='ltr'><strong>ea</strong></span> <span class='ocrx_word' id='word_1_366' title='bbox 853 3081 972 3129; x_wconf 90' lang='lat' dir='ltr'><strong>qua</strong></span> <span class='ocrx_word' id='word_1_367' title='bbox 987 3064 1062 3116; x_wconf 85' lang='lat' dir='ltr'><strong>est</strong></span> <span class='ocrx_word' id='word_1_368' title='bbox 1077 3080 1213 3130; x_wconf 88' lang='lat' dir='ltr'><strong>erga</strong></span> <span class='ocrx_word' id='word_1_369' title='bbox 1228 3064 1686 3117; x_wconf 89' lang='lat' dir='ltr'><strong>Mathematicas</strong></span> <span class='ocrx_word' id='word_1_370' title='bbox 1706 3072 1875 3125; x_wconf 83' lang='lat' dir='ltr'><strong>arteS‚</strong></span> <span class='ocrx_word' id='word_1_371' title='bbox 1899 3081 2047 3129; x_wconf 92' lang='lat' dir='ltr'><strong>quas</strong></span> <span class='ocrx_word' id='word_1_372' title='bbox 2067 3065 2306 3129; x_wconf 89' lang='lat' dir='ltr'><strong>ipsemet</strong></span> <span class='ocrx_word' id='word_1_373' title='bbox 2326 3067 2504 3116; x_wconf 91' lang='lat' dir='ltr'><strong>etiam</strong></span> 
     </span>
     <span class='ocr_line' id='line_1_40' title="bbox 299 3135 2503 3200; baseline 0.001 -15"><span class='ocrx_word' id='word_1_374' title='bbox 299 3135 671 3187; x_wconf 89' lang='lat' dir='ltr'><strong>laudabiliter</strong></span> <span class='ocrx_word' id='word_1_375' title='bbox 692 3143 936 3197; x_wconf 87' lang='lat' dir='ltr'><strong>exercet,</strong></span> <span class='ocrx_word' id='word_1_376' title='bbox 957 3136 1412 3188; x_wconf 88' lang='lat' dir='ltr'><strong>Clementissimo</strong></span> <span class='ocrx_word' id='word_1_377' title='bbox 1432 3136 1635 3188; x_wconf 90' lang='lat' dir='ltr'><strong>favore</strong></span> <span class='ocrx_word' id='word_1_378' title='bbox 1655 3137 1952 3200; x_wconf 83' lang='lat' dir='ltr'><strong>praedituS,</strong></span> <span class='ocrx_word' id='word_1_379' title='bbox 1975 3136 2049 3188; x_wconf 92' lang='lat' dir='ltr'><strong>ad</strong></span> <span class='ocrx_word' id='word_1_380' title='bbox 2070 3136 2125 3187; x_wconf 92' lang='lat' dir='ltr'><strong>se</strong></span> <span class='ocrx_word' id='word_1_381' title='bbox 2146 3139 2208 3187; x_wconf 93' lang='lat' dir='ltr'><strong>in</strong></span> <span class='ocrx_word' id='word_1_382' title='bbox 2229 3136 2503 3187; x_wconf 90' lang='lat' dir='ltr'><strong>Bohemi-</strong></span> 
     </span>
     <span class='ocr_line' id='line_1_41' title="bbox 301 3205 2504 3271; baseline 0.001 -15"><span class='ocrx_word' id='word_1_383' title='bbox 301 3221 400 3257; x_wconf 93' lang='lat' dir='ltr'><strong>am</strong></span> <span class='ocrx_word' id='word_1_384' title='bbox 421 3210 654 3258; x_wconf 88' lang='lat' dir='ltr'><strong>evocari</strong></span> <span class='ocrx_word' id='word_1_385' title='bbox 673 3207 995 3267; x_wconf 90' lang='lat' dir='ltr'><strong>mandavit,</strong></span> <span class='ocrx_word' id='word_1_386' title='bbox 1016 3207 1111 3271; x_wconf 91' lang='lat' dir='ltr'><strong>spe</strong></span> <span class='ocrx_word' id='word_1_387' title='bbox 1132 3205 1285 3259; x_wconf 70' lang='lat' dir='ltr'><strong>facta</strong></span> <span class='ocrx_word' id='word_1_388' title='bbox 1305 3208 1464 3271; x_wconf 93' lang='lat' dir='ltr'><strong>quod</strong></span> <span class='ocrx_word' id='word_1_389' title='bbox 1484 3223 1608 3259; x_wconf 93' lang='lat' dir='ltr'><strong>non</strong></span> <span class='ocrx_word' id='word_1_390' title='bbox 1627 3207 1831 3259; x_wconf 87' lang='lat' dir='ltr'><strong>frustra</strong></span> <span class='ocrx_word' id='word_1_391' title='bbox 1851 3214 2134 3259; x_wconf 89' lang='lat' dir='ltr'><strong>venturus</strong></span> <span class='ocrx_word' id='word_1_392' title='bbox 2155 3208 2337 3259; x_wconf 90' lang='lat' dir='ltr'><strong>essem.</strong></span> <span class='ocrx_word' id='word_1_393' title='bbox 2360 3207 2504 3259; x_wconf 93' lang='lat' dir='ltr'><strong>Sum</strong></span> 
     </span>
     <span class='ocr_line' id='line_1_42' title="bbox 300 3277 2503 3343; baseline 0.001 -16"><span class='ocrx_word' id='word_1_394' title='bbox 300 3280 498 3340; x_wconf 90' lang='lat' dir='ltr'><strong>itaque</strong></span> <span class='ocrx_word' id='word_1_395' title='bbox 518 3280 639 3328; x_wconf 92' lang='lat' dir='ltr'><strong>iam</strong></span> <span class='ocrx_word' id='word_1_396' title='bbox 660 3294 819 3330; x_wconf 94' lang='lat' dir='ltr'><strong>nunc</strong></span> <span class='ocrx_word' id='word_1_397' title='bbox 839 3281 902 3329; x_wconf 93' lang='lat' dir='ltr'><strong>in</strong></span> <span class='ocrx_word' id='word_1_398' title='bbox 921 3281 1146 3338; x_wconf 90' lang='lat' dir='ltr'><strong>itinere,</strong></span> <span class='ocrx_word' id='word_1_399' title='bbox 1168 3277 1338 3330; x_wconf 88' lang='lat' dir='ltr'><strong>ethic</strong></span> <span class='ocrx_word' id='word_1_400' title='bbox 1353 3278 1595 3330; x_wconf 87' lang='lat' dir='ltr'><strong>Dresdae</strong></span> <span class='ocrx_word' id='word_1_401' title='bbox 1609 3278 2026 3343; x_wconf 90' lang='lat' dir='ltr'><strong>aliquantisper</strong></span> <span class='ocrx_word' id='word_1_402' title='bbox 2041 3277 2296 3338; x_wconf 69' lang='lat' dir='ltr'><strong>cunctor,</strong></span> <span class='ocrx_word' id='word_1_403' title='bbox 2316 3278 2503 3330; x_wconf 90' lang='lat' dir='ltr'><strong>donec</strong></span> 
     </span>
     <span class='ocr_line' id='line_1_43' title="bbox 300 3349 2503 3414; baseline 0.001 -16"><span class='ocrx_word' id='word_1_404' title='bbox 300 3349 470 3399; x_wconf 89' lang='lat' dir='ltr'><strong>missis</strong></span> <span class='ocrx_word' id='word_1_405' title='bbox 496 3350 558 3399; x_wconf 92' lang='lat' dir='ltr'><strong>in</strong></span> <span class='ocrx_word' id='word_1_406' title='bbox 585 3349 788 3400; x_wconf 93' lang='lat' dir='ltr'><strong>aulam</strong></span> <span class='ocrx_word' id='word_1_407' title='bbox 815 3349 1064 3401; x_wconf 89' lang='lat' dir='ltr'><strong>Caesaris</strong></span> <span class='ocrx_word' id='word_1_408' title='bbox 1093 3349 1273 3401; x_wconf 91' lang='lat' dir='ltr'><strong>literis</strong></span> <span class='ocrx_word' id='word_1_409' title='bbox 1301 3349 1565 3410; x_wconf 93' lang='lat' dir='ltr'><strong>edocear,</strong></span> <span class='ocrx_word' id='word_1_410' title='bbox 1596 3350 1696 3401; x_wconf 90' lang='lat' dir='ltr'><strong>ubi</strong></span> <span class='ocrx_word' id='word_1_411' title='bbox 1724 3357 1778 3402; x_wconf 92' lang='lat' dir='ltr'><strong>et</strong></span> <span class='ocrx_word' id='word_1_412' title='bbox 1805 3350 2046 3414; x_wconf 93' lang='lat' dir='ltr'><strong>quando</strong></span> <span class='ocrx_word' id='word_1_413' title='bbox 2074 3352 2200 3401; x_wconf 94' lang='lat' dir='ltr'><strong>eius</strong></span> <span class='ocrx_word' id='word_1_414' title='bbox 2227 3349 2503 3401; x_wconf 85' lang='lat' dir='ltr'><strong>Maiestas</strong></span> 
     </span>
    </p>

    <p class='ocr_par' dir='ltr' id='par_1_6' title="bbox 2229 3420 2503 3472">
     <span class='ocr_line' id='line_1_44' title="bbox 2229 3420 2503 3472; baseline -0.004 0"><span class='ocrx_word' id='word_1_415' title='bbox 2229 3420 2503 3472; x_wconf 90' lang='lat' dir='ltr'><strong>adeunda</strong></span> 
     </span>
    </p>
   </div>
   <div class='ocr_carea' id='block_1_5' title="bbox 2555 1086 2597 1120">
    <p class='ocr_par' dir='ltr' id='par_1_7' title="bbox 2555 1086 2597 1120">
     <span class='ocr_line' id='line_1_45' title="bbox 2555 1086 2597 1120; baseline 0.024 -1"><span class='ocrx_word' id='word_1_416' title='bbox 2555 1086 2597 1120; x_wconf 90' lang='lat'><strong>10</strong></span> 
     </span>
    </p>
   </div>
   <div class='ocr_carea' id='block_1_6' title="bbox 2557 1442 2599 1476">
    <p class='ocr_par' dir='ltr' id='par_1_8' title="bbox 2557 1442 2599 1476">
     <span class='ocr_line' id='line_1_46' title="bbox 2557 1442 2599 1476; baseline 0 0"><span class='ocrx_word' id='word_1_417' title='bbox 2557 1442 2599 1476; x_wconf 87' lang='lat'><strong>15</strong></span> 
     </span>
    </p>
   </div>
   <div class='ocr_carea' id='block_1_7' title="bbox 2554 1798 2600 1832">
    <p class='ocr_par' dir='ltr' id='par_1_9' title="bbox 2554 1798 2600 1832">
     <span class='ocr_line' id='line_1_47' title="bbox 2554 1798 2600 1832; baseline 0 0"><span class='ocrx_word' id='word_1_418' title='bbox 2554 1798 2600 1832; x_wconf 89' lang='grc'><strong>20</strong></span> 
     </span>
    </p>
   </div>
   <div class='ocr_carea' id='block_1_8' title="bbox 2552 1934 2605 1975">
    <p class='ocr_par' dir='ltr' id='par_1_10' title="bbox 2552 1934 2605 1975">
     <span class='ocr_line' id='line_1_48' title="bbox 2552 1934 2605 1975; baseline 0 -15"><span class='ocrx_word' id='word_1_419' title='bbox 2552 1934 2605 1975; x_wconf 79' lang='lat' dir='ltr'><strong>lv</strong></span> 
     </span>
    </p>
   </div>
   <div class='ocr_carea' id='block_1_9' title="bbox 2554 2156 2600 2189">
    <p class='ocr_par' dir='ltr' id='par_1_11' title="bbox 2554 2156 2600 2189">
     <span class='ocr_line' id='line_1_49' title="bbox 2554 2156 2600 2189; baseline 0 0"><span class='ocrx_word' id='word_1_420' title='bbox 2554 2156 2600 2189; x_wconf 90' lang='grc'><strong>25</strong></span> 
     </span>
    </p>
   </div>
   <div class='ocr_carea' id='block_1_10' title="bbox 2555 2510 2601 2545">
    <p class='ocr_par' dir='ltr' id='par_1_12' title="bbox 2555 2510 2601 2545">
     <span class='ocr_line' id='line_1_50' title="bbox 2555 2510 2601 2545; baseline 0 0"><span class='ocrx_word' id='word_1_421' title='bbox 2555 2510 2601 2545; x_wconf 87' lang='grc'><strong>30</strong></span> 
     </span>
    </p>
   </div>
   <div class='ocr_carea' id='block_1_11' title="bbox 2554 2867 2600 2901">
    <p class='ocr_par' dir='ltr' id='par_1_13' title="bbox 2554 2867 2600 2901">
     <span class='ocr_line' id='line_1_51' title="bbox 2554 2867 2600 2901; baseline 0 0"><span class='ocrx_word' id='word_1_422' title='bbox 2554 2867 2600 2901; x_wconf 89' lang='grc'><strong>35</strong></span> 
     </span>
    </p>
   </div>
  </div>
 </body>
</html>
