2638 3970
163 311 268 363 10.
297 311 372 364 G.
401 310 947 364 HERWARTUS
973 311 1095 363 AD
1122 311 1629 364 TYCHONEM
1656 310 1766 377 llll
1794 312 2012 365 SEPT.
2041 313 2185 365 1600
2259 314 2361 366 355

172 452 458 515 URSUS,
473 455 537 506 et
536 450 689 518 suas
701 450 1493 506 etTYCHONISdeductas
1504 451 1617 517 es3e
1631 453 1990 508 exAPOLL
1997 453 2144 507 ONI
2127 456 2174 523 J
2176 455 2361 506 PER-

168 523 349 578 GAEI
350 523 478 576 iam
483 522 729 590 pridem
742 522 912 576 circa
925 525 1206 590 tempora
1220 522 1550 577 CHRISTI
1554 524 1895 591 publicatis
1907 523 2362 593 hypothesibus,

162 594 369 648 Huius
387 592 489 660 sui
506 592 910 661 pronunciati
928 591 1191 658 caussam
1210 594 1415 647 reddit
1430 596 1570 647 loca
1591 594 1800 662 aliqua
1819 595 2180 650 COPERNI
2179 596 2267 659 CI,
2296 596 2361 648 in

162 664 387 732 quibus
395 664 628 732 partim
642 664 668 716 i
700 663 774 731 sa
786 662 1142 732 hypothesis
1154 664 1573 719 TYCHONIS
1583 665 1852 732 expresse
1859 670 2138 733 ponatur
2145 667 2223 720 ab
2233 665 2364 734 ipso

66 746 118 788 lv
166 735 528 790 COPERNI
528 735 629 790 CO
649 731 658 804 Ι
683 735 919 802 partim
942 750 1095 789 vero
1114 735 1592 790 APOLLONIO
1611 737 1774 789 PER
1783 737 1983 791 GAEO
2002 737 2361 804 ascribatur.

160 806 356 874 Atqui
378 806 538 859 nihil
560 806 773 860 minus
797 806 880 874 ijs
904 806 1064 860 locis
1091 805 1614 861 COPERNICUS
1635 807 1784 860 dicit
1808 823 1992 875 quam
2018 810 2139 862 hoc
2163 807 2362 876 ipsum

162 879 327 945 quod
346 880 481 931 vult
506 878 790 932 URSUS.
812 879 1031 945 Neque
1052 877 1221 931 enim
1250 877 1671 932 TYCHONIS
1683 877 2044 946 hypothesin
2071 879 2367 947 exprimit

159 948 427 1015 (fallitur
445 964 528 1003 ex
548 946 842 1014 allusione
871 947 1166 1014 URSUS)
1191 963 1310 1002 nec
1333 964 1474 1002 eam
1495 948 1973 1004 APOLLONIO
1991 952 2154 1003 PER
2163 950 2364 1005 GAEO

70 1108 112 1143 ,ο
160 1018 423 1145 Ξίῗὲῗὲ·
442 1018 2361 1158 {2³32{ffeffssssss‘hzgffffbsssssssssssffgffi{ssffiffl'fssssssn

166 1161 383 1224 GAEO,
404 1132 455 1215 ἃ.
477 1164 866 1229 eandemque
886 1160 1000 1227 esse
1021 1177 1208 1229 quam
1226 1162 1419 1215 habet
1439 1162 1739 1216 TYCHO:
1757 1162 1995 1216 fatetur
2011 1178 2167 1231 ergo
2173 1162 2244 1230 se
2264 1164 2362 1216 de-

151 1231 438 1300 scripsisse
456 1233 630 1286 illam
652 1234 731 1286 ab
751 1233 974 1300 aliquo,
998 1233 1107 1300 qui
1122 1233 1287 1286 idem
1309 1233 1459 1286 dicit
1477 1235 1642 1300 quod
1667 1233 1956 1288 TYCHO.

230 1306 498 1358 Notetur
512 1306 647 1368 hoc,
665 1306 831 1372 quod
839 1304 946 1372 qui
945 1303 987 1371 s
983 1319 1100 1358 uas
1113 1303 1329 1358 URSO
1338 1302 1691 1370 monstrarit
1701 1303 2080 1373 hypotheses
2091 1304 2363 1372 (dempto

160 1375 391 1443 exiguo
401 1378 565 1443 quod
570 1379 812 1430 mutatu
823 1375 1012 1430 facile
1024 1374 1127 1441 est)
1134 1375 1195 1428 is
1205 1377 1425 1429 eadem
1430 1376 1905 1443 plane‘t‘monflet
1913 1390 2054 1429 cum
2066 1375 2362 1430 TYCHO—

70 1465 111 1498 15
160 1448 287 1499 NE.
314 1447 471 1512 Quis
485 1450 694 1501 autem
708 1447 768 1501 is
783 1445 905 1512 est?
927 1447 1203 1501 URSUS
1214 1446 1376 1509 dicit,
1403 1446 1765 1501 COPERNI
1764 1447 1813 1500 C
1821 1448 1949 1501 UM
1959 1447 2134 1500 illum
2151 1445 2278 1512 esse,
2302 1449 2368 1500 et

159 1517 224 1570 in
240 1533 317 1571 eo
326 1519 490 1571 PER
498 1518 784 1573 GAEUM
783 1521 1223 1586 praetereaque
1236 1517 1570 1572 neminem.
1586 1519 1788 1572 Nemo
1799 1518 2012 1585 itaque
2026 1516 2368 1583 estAuthor

169 1587 768 1657 Ursinarumpraeter
776 1593 886 1643 aut
895 1591 1057 1642 PER
1066 1589 1216 1644 GAE
1224 1590 1358 1651 UM,
1370 1589 1436 1641 in
1450 1589 1812 1643 COPERNI
1812 1589 1928 1651 CO,
1942 1592 2053 1642 aut
2066 1589 2362 1643 TYCHO-

159 1662 358 1713 NEM.
374 1661 463 1714 At
471 1676 592 1729 ego
605 1661 756 1723 dico,
773 1662 935 1713 PER
944 1660 1093 1715 GAE
1099 1662 1228 1714 UM
1232 1675 1358 1713 non
1372 1658 1841 1725 esseAuthorem
1860 1659 2228 1727 Ursinarum,
2244 1675 2363 1714 nec

164 1730 526 1786 COPERNI
525 1732 574 1786 C
581 1733 716 1787 UM.
732 1733 905 1800 Ergo
904 1731 1080 1799 solus
1091 1731 1316 1785 TYCH
1315 1731 1366 1785 O
1369 1734 1811 1799 praetereaque
1821 1747 2008 1786 nemo
2017 1731 2140 1785 fuit
2148 1730 2364 1786 URSO

64 1820 111 1854 20
160 1801 671 1868 commonstrator
682 1805 764 1856 ad
766 1802 921 1870 suas
938 1801 1333 1871 hypotheses
1354 1803 1850 1856 Firmamentum
1866 1802 2082 1868 caussae
2095 1802 2161 1855 in
2176 1817 2251 1856 eo
2265 1800 2360 1867 est,

161 1877 228 1926 ut
243 1874 592 1942 genuinum
604 1873 856 1942 sensum
878 1873 1321 1929 COPERNICI
1332 1874 1697 1927 habeamus.
1730 1874 1973 1928 Caetera
1993 1871 2362 1938 confessione

150 1943 267 2011 sua
279 1945 687 1999 concinnavit
695 1943 1118 2013 URSUSipse.
1135 1946 1310 2012 Ergo
1321 1945 1422 1998 lib.
1431 1946 1481 1998 3.
1495 1960 1628 2012 cap.
1637 1946 1723 1998 25.
1740 1945 2242 2006 Revolutionum,
2261 1943 2366 1997 ubi

168 2016 521 2084 Tychonias
556 2014 719 2071 URS
727 2017 833 2071 US
855 2032 893 2069 a
924 2016 1288 2071 COPERNI
1288 2016 1389 2071 CO
1410 2019 1596 2084 putat
1623 2015 1904 2083 exprimi,
1934 2016 2209 2083 largitur
2235 2015 2361 2082 qui-

161 2088 299 2140 dem
328 2087 852 2143 COPERNICUS
872 2088 1117 2155 aliquos
1143 2102 1226 2141 ex
1247 2087 1534 2150 motibuS,
1565 2102 1723 2154 quos
1746 2086 1875 2155 ipse
1905 2089 2112 2141 Terrae
2133 2086 2360 2148 tribuit,

64 2175 110 2209 2⁵
162 2158 298 2211 Soli
313 2158 642 2226 transcribi
650 2157 837 2227 posse:
848 2157 1099 2226 sednon
1113 2158 1179 2211 id
1187 2158 1462 2226 largitur
1472 2160 1548 2212 de
1561 2162 1732 2212 motu
1753 2173 1979 2221 annu0,
2001 2174 2120 2212 nec
2140 2159 2216 2211 de
2235 2172 2361 2210 mo-

161 2229 327 2283 tibus
350 2231 390 2282 5
410 2231 814 2284 Planetarum
841 2229 1216 2298 capitalibus
1242 2229 1331 2283 ibi
1354 2230 1512 2297 agit:
1539 2245 1659 2283 nec
1683 2229 1749 2282 id
1770 2229 1896 2283 fert
1919 2231 2360 2298 argumentum

158 2300 316 2363 libri,
334 2302 500 2368 quod
511 2300 799 2368 versatur
807 2301 873 2354 in
888 2301 1304 2369 explicatione
1313 2300 1513 2368 solius
1525 2303 1736 2354 motus
1751 2301 1996 2354 Solaris
2009 2299 2155 2367 (sive
2172 2303 2361 2353 terre-

151 2369 319 2438 stris)
338 2370 467 2438 fine
492 2370 768 2440 respectu
793 2376 1073 2426 motuum
1100 2375 1476 2426 caeterarum
1495 2370 1828 2437 stellarum.
1857 2372 1961 2424 Ad
1980 2370 2360 2425 evidentiam

81 2446 109 2489 ·¹·
158 2443 256 2497 rei
278 2442 620 2510 describam
648 2445 769 2497 duo
786 2442 1111 2510 schemata
1140 2447 1415 2498 mentem
1447 2442 1890 2498 COPERNICI
1908 2441 2312 2510 explicantia:
2340 2438 2361 2510 ΙΙ

58 2540 110 2582 2r
393 2546 420 2586 D

416 2579 553 2723 *ἢ
1462 2609 1490 2651 Η

63 3379 145 3421 30-1-
304 3377 408 3413 Haec
425 3376 478 3412 est
495 3377 735 3423 hypothefis
753 3377 1059 3418 COPERNICI,
1080 3377 1189 3414 circa
1335 3378 1441 3414 Haec
1461 3377 1514 3413 est
1534 3376 1720 3417 mutatio,
1742 3387 1870 3422 quam
1888 3375 1994 3412 libro
2009 3377 2042 3412 3.
2057 3387 2145 3421 cap.
2159 3377 2182 3411 2

401 3435 536 3460 unum
557 3425 701 3461 orbem
722 3425 857 3460 Terrae
878 3425 943 3460 vel
965 3424 1085 3460 Solis.
1260 3425 1386 3460 etiam
1406 3424 1638 3469 possibilem
1658 3423 1787 3469 ponit,
1807 3426 1846 3459 et
1866 3423 1910 3459 in
1931 3423 1987 3459 du
2036 3434 2061 3459 0
2079 3423 2185 3459 relin
2217 3422 2261 3458 ui
2280 3450 2287 3458 .

300 3483 369 3519 45·
2286 3473 2358 3523 In
