2652 4022
264 289 566 341 TYCHO
594 288 714 339 AD
743 287 1401 339 HOFFMANNUM
1428 287 1502 339 27
1529 284 1866 351 MART.s6
1892 285 2244 337 APR.1600
2290 285 2393 338 297

196 427 269 472 [Ex
290 429 534 474 apographo
555 426 719 472 Kepleri
741 426 784 462 in
806 426 949 463 codice
970 425 1291 462 Vindobonensi
1310 426 1379 461 lat.
1404 426 1532 468 10703]

28 539 175 583 mear
353 513 855 587 ILLUSTRI
899 512 1039 584 ET
1083 512 1691 585 GENEROSO
1737 512 2243 597 DOMINO,

195 617 531 670 DOMINO
566 616 926 669 IOHANNI
962 615 1384 667 FRIDERICO
1419 615 1916 677 HOFMANNO,
1954 615 2234 667 LIBERO
2268 615 2396 667 BA-

195 700 389 753 RONI
411 700 496 751 IN
524 699 635 753 GR
647 699 1150 752 UENPUEHEL
1171 698 1268 749 ET
1289 696 1675 750 STRECHA
1686 698 1748 759 U,
1772 697 2201 750 PRAEFECTO
2223 698 2397 750 PRO-

124 802 145 835 5
194 782 497 834 VINCIAE
522 781 899 834 DUCATUS
926 780 1224 833 STYRIAE
1249 780 1346 832 ET
1363 780 1996 832 ARCHIDUCATUS
2016 780 2396 840 AUSTRIAE,

195 864 822 917 MARSCHALCHO
856 864 1162 927 UBIQUE
1195 862 1782 922 HAEREDITARIO,
1823 862 2278 915 BURGRAVIO
2312 863 2398 915 IN

196 947 249 1000 S
256 948 357 999 TE
364 947 545 1009 YER,
568 947 731 999 NEC
753 948 932 999 NON
954 946 1234 999 SACRAE
1253 945 1661 998 CAESAREAE
1683 945 2142 997 MAIESTATIS
2157 945 2401 998 AULAE

197 1030 707 1083 CONSILIARIO
723 1029 822 1081 ET
837 1029 1326 1082 SERENISSIMI
1341 1027 1843 1081 ARCHIDUCIS
1861 1027 2400 1080 MAXIMILIANI

432 1112 980 1165 CUBICULARIO
1001 1108 1406 1171 PRIMARIO,
1429 1110 1766 1163 DOMINO
1790 1110 1884 1162 ET
1896 1110 2165 1163 AMICO

107 1216 149 1250 ιο
743 1195 900 1248 suo
922 1194 1285 1247 1MPR1M1s
1306 1177 1856 1247 HONORANDO.
2123 1207 2125 1210 ·

628 1275 972 1319 ILLUSTRIS
994 1276 1071 1317 ET
1092 1274 1433 1318 GENEROSE
1452 1274 1580 1326 VIR,
1604 1273 1875 1317 DOMINE
1895 1273 1973 1315 ET

874 1346 1084 1389 AMICE
1106 1344 1732 1390 HONORANDISSIME.

225 1473 271 1498 m
330 1496 355 1501 q
474 1430 642 1507 ρξ’
670 1432 858 1484 EDIT
877 1448 1036 1484 nunc
1056 1432 1306 1496 Pragam
1326 1431 1412 1483 M.
1435 1430 1851 1490 KEPLERUS,
1877 1436 1931 1481 et
1954 1430 2086 1481 licet
2105 1428 2300 1480 suasor
2319 1428 2405 1479 illi

320 1507 359 1584 f
377 1506 402 1558 T
494 1508 578 1587 39
669 1503 898 1564 fuerim,
930 1510 992 1555 ut
1022 1502 1316 1555 domestici
1344 1505 1479 1561 mei,
1511 1504 1613 1566 qui
1643 1503 1969 1553 etiamnum
1996 1500 2202 1552 Pilsnae
2230 1499 2320 1560 est,
2351 1506 2406 1550 et

110 1595 150 1629 ¹⁵
228 1593 270 1677 Q>
482 1567 2405 1709 *00ffiffiz3123133353&azgfflafflffiffssffiffisssrsszssffi

510 1717 539 1745 ’ί
556 1719 586 1780 54
673 1715 1014 1781 expectaret,
1042 1723 1105 1768 ut
1129 1716 1270 1780 quid
1291 1715 1419 1767 fieri
1439 1716 1614 1780 possit‚
1642 1718 1854 1766 certius
1875 1714 2214 1766 resciremus
2236 1713 2405 1777 (prae-

493 1819 503 1824 ,.
586 1790 589 1792 ’
671 1787 863 1839 sertim
885 1803 1020 1839 cum
1039 1787 1165 1851 spes
1186 1787 1389 1850 aliqua
1397 1783 1556 1854 ssfadta
1572 1785 1651 1846 fit,
1673 1786 1821 1838 Saam
1838 1785 2038 1837 Cael'am
2055 1785 2248 1836 Matem
2265 1786 2405 1848 peti-

200 1860 459 1911 tionibus
484 1862 632 1910 meis
659 1858 988 1910 humilimis
1014 1858 1443 1910 clementissime
1470 1872 1736 1909 annuere
1759 1856 1934 1919 velle)
1962 1863 2138 1920 atque
2166 1856 2407 1907 demum

106 1949 152 1983 20
201 1930 426 1995 aliquid
451 1933 562 1981 rati
583 1929 932 1981 concludere
956 1930 1263 1994 possemus:
1290 1935 1492 1980 tamen
1512 1943 1643 1979 cum
1667 1927 1856 1992 ipsum
1877 1927 2266 1978 nihilominus
2286 1926 2406 1978 abi-

200 2009 327 2054 tum
355 2001 622 2053 festinare
652 2000 1053 2065 intelligerem,
1084 2000 1296 2064 reliqui
1325 1999 1633 2051 hominem
1659 1999 1763 2050 suo
1791 1998 2047 2050 arbitrio.
2080 1997 2239 2060 Quid
2264 2012 2407 2049 vero

201 2076 351 2124 inter
378 2088 488 2124 nos
513 2072 862 2123 ventilatum
889 2071 967 2131 fit,
996 2069 1123 2122 Iuris
1144 2071 1230 2122 D0
1249 2071 1382 2122 Tua
1402 2086 1434 2122 e
1455 2070 1528 2122 D.
1551 2068 1808 2121 Doctore
1836 2068 2152 2122 IOANNE
2176 2067 2407 2120 IESSE-

203 2143 364 2203 NIO,
388 2147 489 2208 qui
510 2143 618 2195 has
639 2142 840 2202 adfert,
862 2143 1093 2194 seorfim
1114 2141 1438 2206 cognoscet:
1460 2144 1509 2192 is
1531 2144 1690 2192 enim
1711 2140 1987 2200 interfuit,
2009 2140 2151 2192 dum
2169 2139 2298 2191 haec
2315 2154 2407 2203 ge-

202 2222 490 2266 rerentur:
522 2230 705 2278 quare
734 2214 999 2278 longiore
1030 2219 1085 2265 et
1112 2212 1353 2264 taediosa
1382 2228 1587 2264 eorum
1620 2214 2185 2264 commemoratione
2215 2210 2407 2274 super-

108 2305 153 2338 25
203 2285 389 2345 sedec,
411 2288 615 2337 omnia
636 2285 711 2336 ad
731 2285 886 2336 hanc
901 2300 1026 2335 rem
1040 2284 1316 2336 facientia
1330 2283 1565 2335 Illustris
1579 2281 1707 2334 Dnis
1721 2282 1869 2334 Tuae
1884 2283 2156 2346 prudenti
2170 2280 2408 2333 consilio

203 2356 558 2421 dispicienda
578 2355 1028 2420 ordinandaque
1049 2358 1376 2407 etiamnum
1397 2354 1753 2418 relinquens.

276 2428 583 2480 Coeterum
603 2428 675 2479 de
695 2443 898 2491 puer0‚
918 2442 1096 2491 quem
1111 2426 1347 2478 Illustris
1361 2423 1536 2477 D128‘110
1551 2425 1684 2477 Tua
1698 2426 1773 2477 ad
1786 2440 1882 2476 me
1896 2426 2123 2476 mittere
2139 2424 2409 2483 decrevit,

37 2499 340 2552 126avl'ciat
368 2514 464 2550 me
493 2498 741 2550 libenter
770 2514 925 2558 eum,
956 2498 1435 2562 quandocunque
1466 2492 1832 2565 ad-ssvenerit,
1863 2502 2253 2560 recepturum,
2283 2502 2410 2546 tum

205 2585 444 2635 quoque
465 2570 861 2622 laboratorem
876 2569 1256 2634 Spagiricum.
1279 2569 1348 2620 Et
1363 2566 1605 2632 expedio
1620 2571 1836 2631 pariter
1849 2567 2083 2619 fabrum
2097 2566 2267 2618 illum
2281 2565 2409 2617 Me-

111 2660 156 2694 30
206 2641 538 2701 chanicum‚
566 2644 668 2705 qui
689 2656 720 2692 e
742 2640 933 2706 Styria
952 2647 1236 2692 venturus
1257 2639 1347 2691 est.
1377 2639 1577 2702 Quam
1597 2642 1856 2703 primum
1875 2653 2018 2690 vero
2038 2652 2142 2701 per
2162 2652 2408 2701 occupa-

205 2715 395 2764 tiones
415 2712 658 2771 licuerit,
680 2711 844 2776 l‘pero
859 2727 954 2763 me
970 2712 1171 2776 Pragae
1185 2710 1466 2770 futurum,
1488 2711 1588 2762 ubi
1606 2710 1839 2775 plenius
1854 2724 1989 2760 cum
2004 2706 2109 2759 Illri
2123 2708 2266 2759 D0ne
2278 2707 2411 2759 Tua

207 2784 279 2835 de
299 2785 386 2847 ijs,
409 2799 544 2847 quae
564 2783 661 2834 hic
682 2783 879 2834 omissa
898 2783 1044 2843 sunt,
1067 2797 1255 2846 agam.
1277 2782 1486 2833 Valeat
1506 2781 1637 2832 Tua
1658 2778 1785 2832 Illris
1807 2780 1893 2832 D0
1914 2795 2096 2844 quam
2117 2782 2334 2843 optime
2356 2784 2412 2830 et

208 2854 524 2906 diutissime.
541 2854 853 2906 Dabantur
869 2869 941 2905 ex
955 2869 1088 2905 arce
1102 2853 1374 2905 Cael'area
1389 2853 1669 2904 Benatica
1684 2852 1778 2904 die
1792 2852 1826 2903 6
1837 2850 2058 2916 Aprilis
2069 2852 2250 2901 Anno
2266 2848 2409 2901 1600.

968 2946 1072 2999 Illri
1095 2944 1485 2999 Generofitati
1504 2947 1651 2998 Tuae

114 3038 160 3071 35
1490 3017 1915 3070 Addictissimus

1756 3088 1995 3139 TYCHO
2024 3087 2267 3143 BRAHE,

1786 3171 1971 3209 manu
1991 3160 2244 3221 propria.

356 3420 402 3454 38
2305 3403 2412 3467 [Ex
