2652 4022
279 300 385 352 200
813 296 1252 350 EPISTOLAE
1278 296 1949 352 ASTRONOMICAE

278 445 422 494 tiam
448 440 782 505 requisitam
808 455 1003 504 neque
1030 443 1236 505 reperi,
1264 456 1524 506 moxque
1550 457 1587 494 a
1614 441 1887 495 Caesarea
1914 441 2062 493 Ma‘te
2085 440 2202 494 huc
2230 441 2480 494 clemen-

278 514 476 565 tissime
496 518 756 571 vocatuS‚
783 510 943 563 isthic
969 511 1249 565 inchoata
1272 512 1623 578 abrumpere
1645 512 1879 566 coactus
1901 512 2045 573 sum,
2072 513 2482 566 accedentibus

280 591 334 636 et
373 582 721 648 quibusdam
758 582 906 647 alijS,
947 598 1082 647 quae
1120 583 1268 635 mihi
1300 599 1564 636 remoras
1599 580 1989 653 inie-sscerunt,
2029 584 2479 648 impedimentis.
2524 593 2582 637 3⁷

280 655 739 718 Quamprimum
760 660 960 706 autem
982 657 1186 707 omnia
1204 655 1438 719 plenius
1465 655 1730 708 absoluta
1755 655 1987 715 fuerint,
2016 655 2175 720 quod
2201 662 2265 708 ut
2290 658 2482 720 primo

279 740 515 790 quoque
537 731 800 790 tempore
821 724 923 777 fiat
944 728 1148 785 enitar,
1170 732 1365 778 tecum
1385 742 1509 779 non
1528 729 1709 779 invite
1730 726 1844 779 five
1866 727 2130 791 impressa
2143 726 2258 778 five
2271 742 2480 780 manu·
2531 744 2553 779 5

277 797 484 861 scripta
510 796 981 856 communicabo,
1011 813 1134 849 non
1165 798 1440 850 dubitans
1468 801 1612 862 quin
1643 814 1729 859 ea,
1761 814 1896 862 quae
1926 800 2156 863 privata
2182 797 2399 851 fuerint
2428 804 2483 850 et

278 868 531 919 necdum
551 867 770 932 publici
790 870 935 920 iuris
955 867 1122 929 faeta,
1143 868 1247 921 tibi
1268 876 1323 921 et
1341 869 1446 921 soli
1467 870 1816 930 concredita,
1838 869 1907 920 fis
1928 868 2341 922 reservaturus.
2364 869 2482 921 Ne-

278 955 392 1003 que
418 938 555 990 sane
583 954 733 1004 opus
759 938 955 1000 fuisset,
981 946 1147 992 tanta
1171 939 1283 992 hac
1309 943 1372 993 in
1397 947 1562 1005 parte
1588 940 1997 1006 protestatione
2026 947 2080 993 et
2106 940 2481 1006 obligatione,

278 1026 413 1062 cum
438 1010 541 1062 tibi
567 1010 732 1071 aliaS,
759 1010 892 1063 licet
919 1011 990 1063 de
1016 1011 1164 1064 facie
1185 1014 1402 1077 ignoto,
1429 1011 1590 1064 fama
1609 1019 1810 1064 tamen
1831 1015 2009 1064 etiam
2028 1011 2182 1064 hisce
2202 1013 2353 1064 inter
2372 1027 2483 1064 nos

275 1082 570 1134 ventilatis
585 1081 1088 1146 disputationibus,
1106 1083 1239 1135 satis
1253 1083 1564 1148 perspeffio,
1585 1083 1784 1145 fidam,
1806 1090 1983 1148 atque
1997 1083 2057 1135 id
2072 1083 2231 1148 quod
2245 1090 2349 1136 tua
2361 1098 2480 1135 me·
2535 1100 2578 1135 10

277 1163 434 1205 retur
453 1155 655 1213 virtuS‚
681 1152 936 1206 tribuere
957 1169 1081 1206 non
1101 1154 1345 1207 averser.
1373 1155 1442 1206 In
1463 1155 1734 1219 EpochiS‚
1763 1170 1898 1219 quae
1919 1157 2184 1219 requiriS,
2209 1154 2250 1206 fi
2271 1161 2484 1207 caetera

276 1227 578 1285 invener0,
607 1225 943 1290 adiungam,
971 1232 1035 1277 ut
1061 1226 1137 1277 ad
1157 1226 1515 1278 Ptolemaica
1539 1233 1808 1291 tempora
1827 1226 1922 1278 vel
1949 1229 2127 1278 etiam
2153 1226 2482 1278 antrorsum

276 1311 379 1361 per
394 1295 619 1360 aliquot
632 1296 825 1349 secula
839 1297 1047 1348 nostrae
1062 1297 1446 1349 restitutiones
1460 1300 1736 1362 utrinque
1752 1297 2035 1362 applicari
2055 1298 2273 1362 possint,
2295 1297 2482 1350 donec

276 1367 545 1432 pleniora
566 1374 621 1419 et
642 1365 938 1420 exactiora
952 1384 989 1420 a
1002 1384 1098 1420 me
1118 1367 1324 1421 nactus
1343 1368 1540 1430 fueriS‚
1562 1375 1855 1433 quatenus
1875 1375 2141 1420 veterum
2161 1368 2282 1420 lato
2302 1368 2482 1421 modo

276 1438 521 1504 sumptae
548 1439 1102 1501 animadverfioneS,
1131 1440 1291 1505 quod
1318 1447 1373 1492 et
1398 1440 1515 1505 ipse
1542 1440 1704 1492 haud
1731 1439 2154 1492 inconsiderate
2180 1438 2395 1501 fateris,
2422 1438 2482 1492 id
2535 1455 2577 1491 15

276 1512 595 1574 patiuntur.
617 1510 732 1562 His
753 1513 978 1562 interea
997 1517 1176 1563 utere.

348 1580 699 1633 Adhortaris
719 1587 783 1634 ut
801 1597 937 1634 mea
958 1598 1139 1646 opera
1159 1582 1567 1634 Astronomica
1587 1588 1896 1642 maturem‚
1920 1582 2080 1646 quod
2101 1588 2155 1634 et
2174 1597 2278 1647 per
2299 1582 2480 1634 Euro-

276 1668 431 1718 pam,
461 1668 643 1717 quam
662 1652 777 1705 late
801 1652 1272 1706 Christianismus
1295 1660 1468 1719 patet,
1496 1653 1667 1705 multi
1688 1653 2038 1706 excellentes
2058 1655 2170 1705 viri
2189 1653 2483 1706 adhortati

275 1723 421 1784 sunt,
452 1730 507 1776 et
537 1726 863 1776 etiamnum
893 1724 1297 1785 adhortantur,
1329 1727 1474 1789 quin
1504 1731 1558 1777 et
1589 1740 1696 1790 ego
1727 1725 2052 1777 admodum
2082 1727 2299 1777 invitus
2327 1724 2483 1778 hanc

275 1811 508 1848 moram
527 1794 668 1847 fero,
690 1795 915 1848 Absum
928 1798 1049 1848 iam
1064 1811 1101 1848 a
1114 1796 1324 1857 Patria,
1345 1796 1447 1849 ubi
1466 1796 1652 1848 studia
1667 1811 1804 1849 mea
1822 1795 2339 1857 conturbabantur,
2360 1796 2481 1849 fere
2530 1812 2577 1847 20

275 1882 379 1931 per
398 1869 734 1927 triennium,
756 1882 865 1919 nec
886 1874 1022 1919 ante
1043 1871 1310 1932 requiem
1331 1874 1595 1932 optatam
1611 1883 1720 1932 pro
1734 1870 1805 1934 ijs
1821 1870 2086 1920 invenire
2101 1867 2279 1928 licuit,
2301 1883 2483 1933 quam

276 1953 434 1990 nunc
462 1938 817 1990 concedente
845 1954 979 1990 eam
1006 1939 1461 1991 Clementissimo
1483 1938 1717 1992 Caesare
1746 1939 1955 2001 nostro,
1984 1954 2239 2004 cumque
2265 1954 2372 2005 ego
2398 1939 2482 1991 so-

275 2009 367 2061 lus
386 2016 550 2061 tanto
573 2012 740 2061 oneri
760 2009 1236 2062 observationum
1251 2019 1306 2063 et
1319 2010 1803 2075 supputationum
1821 2027 1946 2063 non
1965 2010 2268 2070 sufficiam,
2289 2010 2483 2063 habeo

275 2097 434 2133 nunc
460 2080 662 2133 saltem
691 2096 927 2133 mecum
954 2081 986 2133 3
1012 2081 1108 2134 vel
1133 2082 1167 2133 4
1193 2081 1487 2143 studios08‚
1519 2098 1777 2147 quorum
1803 2098 1985 2147 opera
2013 2082 2126 2135 hac
2151 2085 2214 2134 in
2243 2097 2306 2134 re
2332 2088 2481 2144 utor,

276 2168 411 2204 cum
426 2159 602 2205 antea
615 2154 679 2204 in
693 2152 909 2214 Dama,
932 2152 1075 2205 dum
1092 2169 1340 2219 regnum
1354 2154 1602 2207 Uraniae
1621 2153 1921 2207 incolume
1941 2160 2118 2219 atque
2139 2170 2245 2206 arx
2265 2154 2483 2220 inclyta
2495 2169 2578 2212 ·1·2⁵

274 2223 501 2284 starent,
528 2224 586 2275 10
605 2223 700 2275 vel
720 2224 777 2275 12
803 2223 916 2276 hac
943 2224 1015 2276 de
1043 2225 1216 2277 causa
1238 2225 1549 2278 sustentare
1569 2225 1769 2278 solitus
1795 2225 2025 2278 fuerim.
2054 2225 2238 2290 Spero
2265 2232 2482 2286 autem,

275 2295 376 2347 ubi
404 2294 602 2347 Caesar
628 2295 928 2347 Dominus
956 2295 1146 2348 noster
1173 2296 1640 2349 clementissimus
1666 2299 1751 2349 rei
1776 2297 1998 2349 molem
2023 2299 2279 2362 penitius
2305 2299 2482 2349 intro-

274 2366 537 2431 spexerit,
559 2366 719 2430 quod
734 2366 928 2419 adhuc
942 2367 1252 2432 benignius
1268 2367 1663 2420 auxiliatrices
1676 2384 1893 2420 manus
1909 2368 2337 2420 clementissime
2351 2383 2482 2432 por-

275 2435 538 2489 redturus
564 2437 642 2497 fit,
670 2453 779 2490 nec
799 2440 981 2489 veteri
1001 2438 1087 2490 illi
1106 2438 1563 2500 ALPHONSO‚
1590 2446 1720 2492 utut
1745 2446 1926 2491 tantae
1949 2439 2229 2504 impensae
2251 2455 2376 2491 non
2394 2455 2481 2491 re-

276 2510 601 2572 quirantur,
630 2509 892 2569 cessurus,
922 2516 976 2561 et
1002 2509 1393 2562 nihilominus
1418 2509 1694 2563 solidiora
1721 2510 1884 2575 (absit
1903 2510 2129 2563 invidia
2149 2508 2324 2574 dic'to)
2351 2526 2481 2576 pro·
2531 2525 2578 2561 30

276 2587 561 2631 moturus

348 2651 642 2703 Lubenter
667 2651 929 2703 intellexi
949 2658 1003 2703 te
1025 2655 1087 2703 in
1108 2653 1473 2718 compendijs
1493 2652 1953 2718 Triangulorum
1975 2668 2079 2718 per
2098 2652 2249 2705 solas
2269 2652 2481 2718 prosta-

275 2721 565 2786 phaereses
595 2725 658 2774 in
687 2738 969 2775 numeros
1001 2723 1498 2785 resolvendorum‚
1531 2727 1796 2790 gnaviter
1824 2724 2118 2776 versatum
2151 2725 2269 2776 esse.
2304 2724 2483 2776 Hanc

275 2793 639 2858 ingeniosam
660 2800 715 2846 et
735 2794 1087 2846 utilissimam
1110 2795 1547 2860 inquisitionem
1568 2802 1704 2848 ante
1726 2811 1917 2848 annos
1937 2795 2057 2847 fere
2078 2795 2148 2847 20
2168 2795 2482 2848 enuclean-

276 2865 414 2916 dam
440 2864 657 2930 suscepi
684 2881 716 2917 e
743 2864 1068 2918 RHETICI
1094 2866 1366 2931 Dialog0,
1395 2882 1574 2931 quem
1600 2869 1840 2932 integrae
1867 2866 2115 2919 Tabulae
2135 2866 2481 2933 Triangulo-
2531 2882 2578 2917 35

275 2951 407 2987 rum
435 2937 511 2988 ad
536 2936 823 2989 sextantes
849 2937 1141 3002 graduum
1160 2937 1532 2990 solummodo
1553 2938 1664 2990 ase
1684 2938 2010 3003 supputatae
2031 2937 2341 2990 subiunxit.
2371 2937 2481 2990 Oc-

276 3007 570 3059 cafionem
590 3007 796 3061 nactus
815 3007 958 3068 sum,
982 3009 1124 3060 dum
1145 3009 1499 3074 compendia
1519 3009 1730 3062 calculi
1752 3011 2113 3062 Geometrici
2134 3015 2189 3061 et
2207 3009 2481 3061 Astrono-

275 3080 411 3130 mici
432 3080 756 3143 quaerenda
777 3080 879 3131 esse
899 3086 1118 3141 monet,
1140 3088 1203 3132 ut
1221 3082 1363 3132 citra
1376 3080 1607 3133 tabulas
1621 3081 2060 3133 Astronomicas
2074 3083 2482 3145 aequationum

275 3149 389 3201 five
427 3150 971 3215 prostaphaerefium
1001 3167 1032 3203 e
1061 3151 1196 3203 solis
1234 3152 1443 3216 medijs
1481 3152 1738 3204 motibus
1766 3168 1909 3204 vera
1939 3151 2318 3204 Planetarum
2351 3151 2482 3203 loca

276 3223 603 3285 promptius
630 3229 929 3283 eruantur,
959 3223 1118 3287 quod
1146 3239 1282 3275 cum
1307 3238 1411 3287 per
1436 3223 1705 3276 taediosas
1725 3223 2243 3288 multiplicationes
2264 3229 2319 3274 et
2339 3223 2481 3274 divi·
2531 3236 2578 3272 40

275 3290 463 3343 fiones
483 3291 612 3344 fieri
631 3308 1016 3358 nequaquam
1035 3294 1224 3359 posset‚
1245 3293 1358 3346 hac
1376 3294 1495 3346 alia
1509 3294 1704 3358 postea
1718 3311 1755 3347 a
1769 3295 1939 3347 nobis
1950 3291 2238 3346 fructuose
2253 3299 2483 3358 reperta

276 3363 723 3427 ingrediendum
758 3370 882 3417 erat
913 3367 1026 3426 via,
1065 3368 1159 3417 cui
1196 3368 1374 3417 etiam
1405 3365 1850 3419 WERNERUS
1885 3368 1947 3417 in
1979 3364 2179 3418 libello
2212 3365 2284 3417 de
2298 3370 2482 3488 crinom

2258 3451 2294 3486 o
2350 3449 2480 3488 avae
