2678 4022
378 313 764 367 IOANNES
790 312 1117 365 KEPLER
1143 313 1265 364 AD
1292 312 1798 366 TYCHONEM
1826 312 1998 365 FEB.
2027 313 2172 366 1599
2282 313 2373 364 143

99 461 127 503 τ
175 455 324 507 mihi
345 455 645 515 exhibenS,
673 470 851 519 quem
876 454 1071 506 triduo
1092 455 1348 506 concesso
1369 458 1582 519 raptim
1601 471 2019 520 percurrerem.
2047 455 2115 506 In
2135 470 2207 506 eo
2227 454 2375 506 salu-

174 533 327 579 tatos
345 525 759 579 schematismis
784 528 1014 590 reperio
1040 528 1371 590 praecipuos
1398 525 1577 578 huius
1599 529 1880 591 temporis
1901 526 2375 585 MathematicOS,

175 600 405 662 reperio
430 596 809 662 magnificam
835 599 898 648 in
924 596 1270 661 praefatione
1297 600 1781 661 provocationem
1807 598 1882 649 ad
1907 597 2090 650 fimile
2111 597 2252 661 quid
2273 613 2375 648 au-

176 669 452 728 dendum,
480 669 560 720 ad·
581 667 1020 720 Astronomiam
1047 683 1078 719 e
1104 667 1505 719 fundamentis
1533 669 1935 728 extruendam,
1964 671 2193 734 reperio
2220 683 2375 720 com-

105 757 127 792 ⁵
174 739 392 805 pendia
418 739 697 804 quaedam
722 754 922 799 aurea,
950 754 1086 803 quae
1109 738 1396 803 Tubingae
1423 755 1459 790 a
1486 739 1922 792 MAESTLINO
1951 740 2231 792 celebrari
2256 755 2375 791 me-

174 814 483 871 mineram,
516 813 745 875 reperio
778 808 1105 863 doctrinam
1136 809 1386 870 sinuum,
1420 809 1746 862 doctrinam
1775 811 2220 876 triangulorum,
2250 810 2375 862 vul-

174 885 338 947 garia
369 882 626 946 quidem,
658 881 754 933 sed
785 897 945 934 nova
976 881 1123 933 mihi
1156 884 1376 941 omnia,
1413 888 1477 933 ut
1507 882 1718 942 videat,
1753 897 1871 945 quo
1904 885 2122 947 remige
2154 882 2377 934 famam

173 953 454 1006 verberet.
482 953 644 1005 Nam
663 953 945 1017 pleraque
966 952 1162 1017 postea
1181 955 1244 1004 in
1265 952 1615 1004 EUCLIDE
1637 959 1691 1004 et
1711 953 2376 1006 REGIOMONTANO

174 1027 381 1089 reperi,
403 1040 538 1088 quae
558 1031 686 1076 tum
705 1024 807 1089 ipfi
826 1024 1172 1076 tribuebam.
1195 1024 1408 1087 Neque
1429 1030 1675 1084 metuaS‚
1697 1031 1761 1075 ut
1779 1040 1913 1088 quae
1932 1026 2053 1076 iam
2069 1024 2206 1085 dixi,
2226 1024 2377 1076 bene

85 1112 127 1147 10
176 1111 312 1148 cum
346 1098 587 1147 invento
622 1111 759 1147 meo
794 1095 939 1147 stare
975 1102 1210 1159 queant.
1249 1095 1422 1146 Dicat
1457 1094 1575 1158 ipse
1604 1111 1712 1159 pro
1748 1110 1844 1146 me
1876 1095 2376 1156 MAESTLINUS,

175 1182 357 1232 quam
370 1167 645 1219 tenuibus
658 1168 960 1232 principijs
974 1166 1271 1218 institerim
1286 1169 1472 1225 initio,
1495 1169 1596 1231 qui
1610 1164 1886 1230 profecto,
1907 1166 1948 1218 fi
1967 1173 2089 1218 tam
2108 1169 2378 1218 ieiunum

173 1253 270 1290 me
289 1237 543 1290 secundo
565 1237 861 1299 dimisisset,
889 1253 1071 1302 quam
1096 1240 1288 1301 primo
1310 1237 1619 1298 dimiserat,
1647 1253 1958 1302 nunquam
1984 1244 2106 1289 tam
2134 1237 2377 1302 exquifi-

173 1316 296 1361 tam
326 1309 475 1361 mihi
507 1309 1086 1361 commendationem
1121 1309 1265 1373 (qua
1295 1315 1511 1369 tamen,
1548 1309 1692 1361 dum
1722 1311 1943 1368 vixer0,
1979 1308 2221 1361 inferior
2253 1308 2377 1372 ero)

174 1382 577 1445 impertivisset.
604 1380 809 1445 Itaque
835 1380 948 1432 hac
975 1396 1082 1445 ego
1108 1380 1294 1445 specie
1321 1378 1602 1432 docirinae
1626 1381 1698 1432 de
1719 1380 1926 1432 URSO
1948 1383 2011 1432 in
2030 1380 2379 1444 praeclaram

85 1468 127 1503 15
177 1454 522 1516 opinionem
555 1450 794 1512 ereetuS,
828 1452 1007 1503 incidi
1037 1451 1234 1516 postea
1264 1454 1327 1503 in
1360 1451 1644 1516 quosdam
1678 1467 1750 1502 ex
1781 1452 2086 1503 nobilitate
2118 1451 2380 1516 Styriaca

176 1523 616 1575 Mathematum
636 1530 921 1583 amanteS,
950 1523 1180 1587 quibus,
1208 1523 1368 1587 quod
1391 1524 1516 1575 esset
1536 1523 1847 1575 necessaria
1866 1522 2107 1574 subinde
2127 1538 2297 1574 mora
2317 1525 2380 1574 in

176 1594 317 1647 aula
338 1594 604 1653 Caesaris,
626 1594 802 1647 URSI
821 1597 1030 1646 notitia
1051 1601 1190 1646 erat.
1216 1594 1306 1645 Illi
1326 1594 1588 1646 hominis
1608 1595 1930 1659 praedicare
1950 1596 2271 1658 ingenium,
2293 1596 2378 1644 in-

174 1673 368 1724 venta,
390 1665 614 1718 hortari
633 1681 747 1726 me,
768 1672 832 1718 ut
851 1668 1148 1718 anniterer
1162 1668 1225 1716 in
1240 1668 1367 1717 eius
1386 1665 1846 1718 familiaritatem
1866 1668 2190 1730 pervenire,
2212 1664 2378 1729 polli-

176 1739 293 1789 ceri
323 1737 489 1789 suam
522 1752 782 1801 operam.
816 1737 931 1789 Sed
963 1736 1405 1789 DIOGENEM
1436 1739 1779 1801 quempiam
1806 1736 1955 1788 mihi
1984 1735 2380 1788 describebant

81 1825 128 1860 20
176 1809 380 1873 aliqui,
403 1811 497 1860 cui
517 1808 623 1860 nifi
642 1815 746 1860 aut
764 1808 979 1868 lubeat,
1001 1814 1103 1860 aut
1123 1824 1259 1859 cum
1278 1809 1648 1873 improbitate
1664 1808 1866 1872 aliqua
1881 1810 2216 1871 extorqueri
2230 1807 2380 1859 nihil

62 1888 144 1932 108
174 1880 350 1943 possit.
366 1880 481 1931 His
497 1895 604 1945 ego
616 1880 688 1931 de
700 1879 884 1931 caulis
897 1882 1139 1931 inventa
1152 1879 1334 1943 paulo
1347 1879 1469 1944 post
1482 1874 1924 1947 speculatio-une
1938 1894 2090 1939 mea,
2107 1894 2242 1931 cum
2256 1894 2380 1930 non

176 1951 303 2003 esset
322 1950 471 2002 mihi
489 1953 740 2003 vicinior
760 1949 1238 2010 MathematicuS,
1266 1951 1342 2002 ad
1363 1966 1542 2015 quem
1562 1951 1931 2002 commodius
1951 1950 2275 2010 scriberem,
2303 1950 2380 2002 ad

175 2021 544 2074 scribendum
557 2022 857 2087 impulsuS,
875 2021 1129 2074 formam
1143 2021 1328 2086 ipsam
1341 2024 1557 2086 partim
1571 2022 1646 2074 ad
1660 2021 1921 2073 hominis
1934 2030 2227 2082 naturam,
2243 2036 2379 2085 quae

175 2093 486 2154 ferebatur,
507 2096 721 2158 partim
735 2094 811 2146 ad
826 2109 942 2153 eaS‚
959 2108 1108 2157 quas
1121 2099 1247 2144 tum
1261 2093 1409 2145 forte
1423 2093 1662 2145 fortuito
1676 2093 1959 2158 legebam,
1979 2092 2379 2144 efficacissimae

82 2182 128 2217 25
175 2164 474 2216 brevitatis
501 2164 768 2229 epistolas
792 2164 1053 2217 dissoluto
1074 2167 1137 2216 in
1156 2180 1440 2229 pompam
1460 2167 1663 2217 animo
1685 2180 1757 2216 ex
1777 2166 1996 2216 recenti
2021 2166 2380 2216 inventionis

175 2251 328 2288 meae
355 2251 559 2288 amore
586 2235 1033 2288 accommodavi
1058 2235 1294 2287 securus
1320 2236 1392 2288 de
1418 2235 1533 2288 hoc
1560 2242 1791 2288 eventu.
1824 2234 2145 2299 Quomodo
2171 2234 2212 2286 fi
2238 2235 2380 2299 quid

175 2306 324 2359 mihi
345 2307 556 2359 excidit
574 2308 758 2371 paulo
778 2309 990 2367 maiuS,
1012 2322 1195 2371 quam
1209 2307 1281 2359 de
1295 2307 1417 2372 ipso
1437 2306 1742 2367 senseram,
1764 2309 1827 2358 in
1846 2309 2094 2372 gratiam
2113 2306 2379 2358 laudato-

175 2394 309 2430 rum
331 2378 507 2443 ipfius
528 2385 583 2430 et
601 2381 720 2430 mei
740 2378 915 2443 ipfius
936 2393 1157 2439 amore,
1183 2384 1373 2430 totum
1399 2378 1459 2430 id
1484 2378 1761 2430 iuvenilis
1786 2379 2126 2430 temeritatis
2154 2377 2244 2438 est,
2271 2392 2380 2429 nec

176 2449 344 2502 aliter
358 2449 586 2511 excus0,
602 2450 927 2502 dummodo
941 2449 1168 2501 sceleris
1182 2449 1567 2514 suspicionem
1581 2449 1871 2502 aboleam.
1886 2450 1974 2500 Ex
1988 2451 2026 2514 ij
2032 2464 2075 2508 S,
2092 2464 2227 2513 quae
2243 2449 2379 2509 dixi,

82 2537 128 2573 30
175 2521 340 2573 vides
359 2524 619 2586 primum
638 2537 734 2573 me
754 2520 914 2573 bona
934 2520 1287 2573 conscientia
1307 2520 1584 2575 Gloriam
1604 2520 1708 2585 ipfi
1726 2521 1990 2580 tribuisse‚
2013 2536 2133 2584 qua
2145 2520 2379 2572 videba-

175 2598 269 2644 tur
288 2607 533 2658 regnare
553 2595 617 2644 in
637 2593 778 2645 aula
793 2592 1042 2645 Caesaris
1063 2599 1118 2644 et
1138 2593 1297 2657 apud
1311 2592 1786 2653 Mathematicos‚
1808 2607 1958 2656 quos
1979 2595 2041 2643 in
2059 2591 2257 2644 libello
2277 2591 2380 2642 suo

176 2663 604 2728 alloquebatur.
625 2661 1078 2728 Illufirissimam
1099 2670 1300 2716 autem
1321 2680 1425 2715 cur
1444 2664 1710 2723 dixerim,
1732 2663 1969 2716 causam
1988 2678 2113 2715 non
2133 2665 2379 2727 reperio,

176 2734 282 2786 nili
307 2735 468 2799 quod
492 2731 766 2799 IIIuftres
791 2735 966 2787 nostri
993 2750 1127 2787 eam
1155 2735 1494 2799 praedicant,
1524 2742 1578 2787 et
1603 2731 2031 2799 Illufirissimus
2059 2734 2380 2798 praedicare

175 2806 425 2867 videtur,
451 2806 595 2858 dum
616 2809 837 2858 eumin
856 2806 1018 2858 Aula
1037 2806 1230 2867 habet,
1258 2813 1313 2858 et
1336 2807 1496 2871 quod
1515 2806 1866 2871 pomposum
1886 2808 2190 2870 ingenium
2209 2804 2380 2856 facile

83 2893 129 2928 35
177 2876 439 2929 muscam
465 2877 845 2941 conspicatur,
873 2893 946 2929 ex
973 2893 1093 2942 qua
1117 2877 1292 2929 faciat
1314 2877 1728 2942 Elephantum.
1757 2877 1981 2928 Eodem
2007 2875 2197 2927 refero
2224 2883 2279 2927 et
2303 2875 2379 2934 id,

178 2948 355 3012 quod,
378 2963 514 3000 cum
528 2948 811 3000 constaret
824 2949 895 3000 de
911 2948 1224 3013 aliquibus,
1247 2949 1367 3000 dixi
1386 2948 1449 3012 (fi
1462 2949 1643 3000 modo
1659 2947 1802 3010 dixi)
1818 2948 1891 2999 ab
1908 2946 2183 2998 omnibus
2198 2944 2380 2998 dociis

177 3018 366 3083 ipsum
385 3018 730 3084 magnifieri.
759 3020 934 3072 Certe
955 3022 1114 3071 enim
1136 3019 1648 3072 MAESTLINUM
1670 3026 1725 3071 et
1743 3018 2209 3070 TYCHONEM
2230 3019 2381 3068 inter

178 3087 379 3142 docfios
399 3090 710 3150 habebam,
732 3106 882 3155 quos
895 3091 1147 3143 sciebam
1161 3107 1285 3142 non
1298 3091 1623 3143 admodum
1637 3090 1918 3154 praeclare
1934 3090 2005 3141 de
2019 3088 2140 3153 ipso
2155 3088 2379 3140 sentire.

179 3160 357 3224 Quod
372 3168 572 3213 autem
587 3164 765 3214 etiam
778 3161 949 3226 plura
963 3165 1026 3214 in
1040 3161 1201 3214 hunc
1215 3163 1462 3214 modum
1477 3162 1911 3214 declamaturus
1925 3160 2161 3218 fuissem,
2181 3159 2221 3211 fi
2238 3166 2379 3211 tem-

84 3248 131 3283 4ο
178 3247 290 3296 pus
309 3232 528 3291 tulisset,
552 3232 611 3284 id
631 3248 755 3284 non
774 3236 1020 3284 memini
1040 3248 1135 3284 me
1156 3233 1436 3297 polliceri.
1464 3233 1592 3284 Imo
1612 3233 1715 3284 illa
1735 3232 1806 3283 de
1827 3231 2163 3296 garrulitate
2184 3231 2381 3283 aliena

179 3319 216 3355 a
230 3303 669 3356 Mathematicis
689 3303 1019 3368 protestatio
1040 3320 1164 3356 non
1183 3303 1335 3357 facia
1350 3304 1424 3355 est
1438 3305 1513 3356 ad
1532 3303 1862 3355 excusanda
1883 3305 2061 3354 etiam
2080 3302 2252 3366 plura
2272 3302 2379 3352 hu-

178 3374 443 3435 iusmodi,
465 3374 560 3427 sed
580 3377 775 3439 potius
790 3374 865 3427 ad
881 3375 1224 3440 corrigenda
1244 3378 1458 3439 priora.
1481 3374 1659 3438 Quod
1673 3374 1712 3425 fi
1727 3389 1868 3426 vero
1885 3389 2021 3426 mea
2034 3373 2163 3424 sunt
2178 3375 2381 3424 omnia

2326 3451 2380 3494 et
