2678 4022
282 287 711 341 IOSEPHUS
737 288 1168 340 SCALIGER
1194 289 1317 340 AD
1343 289 1850 343 TYCHONEM
1877 292 1910 343 9
1937 292 2100 345 IUL.
2122 293 2267 345 1598
2340 293 2408 345 85

209 429 372 483 aliud
399 445 507 494 pro
533 429 652 482 alio
679 435 883 481 contra
907 431 1093 482 animi
1119 430 1293 482 nostri
1318 430 1662 483 sententiam
1693 433 1863 486 nobis
1890 434 2121 486 excidit:
2153 450 2409 498 quorum

209 507 437 565 partem
464 503 527 553 in
556 501 775 552 Erratis
805 503 1184 561 correximuS,
1214 504 1428 565 partim
1455 504 1857 567 imprudentes
1886 505 2202 566 omifimuS,
2234 506 2409 570 quale

208 571 372 632 illud,
391 571 767 625 »Saturnum
780 570 846 623 in
861 586 1071 624 annuo
1083 574 1255 625 motu
1268 572 1696 626 duodecimam
1704 578 1954 641 partem
1969 575 2157 629 unius
2166 577 2409 644 gradus

210 641 516 705 efficere«,
536 658 722 707 quum
737 642 1025 695 vellemus
1042 643 1234 695 dicere
1251 644 1564 696 duodecim
1581 646 1812 710 graduS,
1831 647 1902 698 de
1920 663 2040 711 quo
2058 654 2113 700 et
2129 647 2410 700 similibus

138 731 196 774 5-1-
208 715 430 779 possum
442 715 639 766 iurare
652 711 866 766 sancle:
883 715 920 781 ἡ
940 715 1063 782 χεὶρ
1081 713 1384 782 βέβληκεν,
1400 716 1436 782 ἡ
1454 713 1520 767 δὲ
1534 717 1690 783 φρὴν
1705 717 2064 781 ἀπόσκοπος.
2087 718 2306 783 Quare,
2320 721 2411 770 vir

208 784 624 850 generolissime
639 791 695 837 et
709 782 1034 846 doctissime‚
1054 785 1337 838 eiusmodi
1353 787 1740 854 παροράματα
1754 791 1947 852 potius
1962 805 2144 853 quam
2159 791 2409 858 ἁμαρτή-

83 866 195 909 135*
212 871 377 924 ματα,
392 855 595 920 qualia
607 856 795 908 multa
807 858 871 908 in
885 856 1230 909 EUDOXO
1245 852 1266 925 ΙΙ
1281 857 1516 909 divinus
1531 858 2042 913 HIPPARCHUS
2057 861 2300 913 civiliter
2314 877 2409 913 ex-

118 1087 161 1122 10

118 1443 160 1478 15

114 1799 161 1835 20

132 2072 160 2115 ÷

114 2157 160 2192 25

132 2215 160 2258 ’e

132 2429 161 2472 ·1-

114 2514 161 2549 30

209 927 382 987 cusat,
404 934 459 979 et
476 942 612 991 quae
628 930 871 992 ingenui
888 926 1159 980 Lectores
1177 929 1510 989 emendare,
1531 944 1655 980 non
1677 933 1970 995 exagitare
1992 931 2219 992 debent,
2240 939 2410 984 tuum

209 1013 448 1063 quoque
466 998 542 1050 est
557 1004 659 1050 aut
679 998 1078 1065 ἀπροσκόπως,
1097 1000 1198 1052 καὶ
1217 1001 1548 1063 ἀπταίστως
1566 1003 1880 1065 praeterire,
1902 1008 2020 1063 aut,
2041 1002 2082 1054 fi
2101 1019 2205 1067 per
2224 1006 2410 1068 gravi-

209 1085 342 1122 ores
360 1076 493 1122 tuas
514 1072 932 1134 occupationes
951 1070 1054 1122 tibi
1073 1070 1222 1130 licet,
1250 1073 1552 1136 corrigere.
1580 1072 1659 1122 At
1685 1072 1788 1124 illa
1812 1088 1997 1136 parva
2017 1072 2173 1126 diclu
2192 1074 2412 1126 menda

208 1143 560 1193 retrimentis
588 1140 702 1193 istis
730 1141 861 1193 sunt
888 1148 1237 1206 argumenta
1265 1158 1441 1194 novae
1469 1142 1703 1195 foeturae
1731 1143 2032 1196 librorum.
2064 1144 2242 1207 Quod
2273 1145 2409 1210 Sep-

207 1211 494 1264 tembrem
512 1227 813 1273 vocamuS,
841 1228 1021 1277 quem
1039 1213 1220 1266 modo
1242 1211 1574 1275 Oci'tobrem,
1603 1220 1658 1266 et
1683 1214 1892 1266 feriam
1913 1223 2201 1279 quartam,
2230 1232 2412 1280 quam

207 1283 388 1336 modo
407 1286 639 1336 tertiam
659 1284 1014 1344 dixeramuS,
1035 1283 1150 1336 hoc
1164 1284 1583 1350 typographias
1598 1285 1916 1338 excalfacit.
1940 1287 2223 1339 Barbaria
2238 1294 2292 1339 et
2305 1290 2410 1338 im-

208 1355 491 1420 pudentia
508 1357 734 1407 invenit
755 1355 834 1408 ibi
855 1356 1014 1420 quod
1035 1362 1184 1420 agat.
1207 1355 1447 1408 Divinae
1468 1355 1963 1421 aequinoc'tiorum
1980 1357 2412 1410 observationes

208 1432 328 1479 tuae
347 1425 546 1478 locum
565 1429 919 1479 invenerunt
938 1430 1000 1478 in
1021 1426 1179 1479 calce
1198 1427 1485 1479 librorum
1504 1428 1850 1489 nostrorum,
1872 1444 1996 1480 non
2012 1432 2216 1493 utique
2234 1445 2413 1493 quem

209 1497 514 1558 debebant,
535 1497 632 1550 sed
652 1513 831 1562 quem
850 1505 1183 1563 potuerunt.
1206 1499 1349 1550 Non
1370 1501 1530 1551 enim
1549 1502 1712 1564 prius
1731 1499 1863 1552 illas
1884 1515 2317 1564 acceperamus.
2343 1501 2413 1551 Et

208 1574 407 1621 tamen
433 1569 514 1621 ibi
538 1569 668 1622 sunt
693 1584 730 1621 a
755 1569 926 1622 nobis
954 1570 1273 1630 collocatae,
1303 1570 1406 1622 ubi
1433 1572 1964 1623 convenientissime
1991 1587 2127 1623 cum
2154 1572 2411 1636 Hippar-

209 1639 370 1693 cheis
390 1639 642 1693 conferri
661 1641 900 1704 possunt.
929 1641 1085 1693 Sane
1104 1640 1251 1693 illud
1272 1644 1622 1694 continuum
1642 1645 2121 1707 quinquennium
2142 1646 2413 1694 omnium

207 1711 528 1775 priscarum
543 1711 1018 1764 observationum
1032 1713 1372 1777 dignitatem
1387 1719 1443 1765 et
1455 1713 1634 1765 fidem
1649 1713 1855 1773 elevat,
1877 1729 2014 1765 cum
2027 1720 2146 1765 tuae
2161 1713 2262 1765 fibi
2276 1729 2412 1765 con-

208 1781 366 1843 stent,
388 1782 791 1847 Hipparcheae
812 1784 1138 1847 quadrante
1153 1783 1270 1835 diei
1282 1783 1415 1848 plus
1430 1787 1743 1836 autminus
1759 1784 1977 1845 distent,
1999 1785 2157 1849 quod
2173 1785 2414 1849 quidem

207 1853 312 1907 illa
331 1853 688 1918 aequinoctia
706 1854 879 1906 valde
899 1853 1156 1918 suspecta
1174 1855 1345 1907 nobis
1365 1855 1517 1907 facit.
1545 1856 1675 1908 Nos
1695 1871 1768 1908 ex
1786 1855 2005 1920 septem
2030 1855 2176 1908 illud
2203 1856 2412 1921 delegi-

207 1940 359 1986 mus,
390 1925 550 1990 quod
576 1926 651 1978 ab
678 1931 884 1978 autore
911 1925 1332 1993 ἀκριβέστατον
1355 1934 1623 1979 vocatur:
1655 1927 2162 1991 quemadmodum
2188 1933 2243 1979 et
2268 1929 2413 1979 anni

208 1996 401 2050 forma
408 1996 841 2049 ALFONSINI
858 1997 1279 2050 GELALAEAE
1288 2013 1636 2062 quanquam
1645 1998 2072 2063 elegantissimae
2084 1998 2253 2050 nobis
2264 2013 2412 2062 prae-

209 2067 331 2122 lata
356 2067 446 2120 est.
474 2067 640 2120 Tuus
666 2083 861 2121 annus
888 2068 1153 2121 Coelestis
1179 2069 1445 2133 pauxillo
1471 2072 1668 2121 minor
1694 2069 2109 2121 GELALAEO.
2137 2069 2411 2122 PTOLE-

209 2139 387 2193 MAEI
400 2155 542 2192 vero
558 2139 991 2192 observationes
1006 2147 1128 2192 tam
1141 2139 1312 2192 nobis
1325 2140 1499 2192 falsas
1513 2141 1616 2192 esse
1631 2140 1864 2200 constat,
1886 2155 2068 2205 quam
2087 2140 2275 2192 multa
2295 2140 2415 2192 alia

210 2211 370 2275 apud
398 2210 568 2263 illum
595 2210 932 2275 scriptorem
962 2213 1264 2263 eximium.
1298 2211 1446 2264 Ecce
1475 2227 1637 2264 anno
1666 2212 1772 2264 886
1802 2212 2202 2272 Nabonassari,
2235 2211 2412 2263 Phar-

208 2281 402 2335 muthi
412 2281 512 2342 IX,
526 2282 674 2335 feria
684 2285 892 2346 prima,
909 2282 954 2334 F
957 2282 1209 2347 ebruarij
1223 2282 1310 2343 23,
1324 2282 1535 2335 Christi
1547 2283 1656 2343 139,
1669 2282 1786 2342 Sol,
1801 2285 2008 2347 inquit,
2022 2289 2145 2334 erat
2158 2281 2416 2349 ἀκριβῶς

208 2355 271 2406 111
290 2353 350 2406 3⁰
368 2353 462 2406 30¹
481 2353 746 2406 Piscium.
777 2354 853 2405 At
878 2356 942 2405 in
965 2354 1211 2407 meridie
1237 2356 1429 2418 prima
1449 2353 1648 2406 Thoth
1673 2357 1864 2418 primi,
1891 2353 1994 2406 Sol
2014 2360 2138 2405 erat
2158 2352 2416 2421 ἀκριβῶς

209 2427 273 2478 111
291 2424 351 2478 3⁰
368 2425 462 2477 20¹
482 2424 747 2486 Piscium,
775 2425 987 2477 eodem
1006 2425 1156 2486 teste,
1183 2440 1399 2490 nempe
1422 2426 1492 2477 26
1512 2426 1557 2477 F
1559 2425 1832 2490 ebruarij.
1860 2426 2012 2490 Ergo
2032 2427 2096 2476 in
2114 2425 2220 2477 886
2240 2427 2413 2476 annis

210 2497 534 2565 προήγησις
561 2497 738 2549 tridui
766 2502 998 2549 tantum
1025 2495 1177 2550 faaa
1205 2497 1394 2549 fuerit.
1426 2497 1587 2561 Quid
1612 2495 1953 2549 absurdius?
1983 2496 2135 2548 Haec
2162 2502 2218 2548 et
2242 2495 2414 2560 plura

209 2569 558 2636 ἀτοπήματα
584 2567 889 2633 diligenter
907 2570 972 2619 in
990 2567 1451 2620 PTOLEMAEO
1479 2571 1916 2620 annotavimus
1945 2567 2147 2631 Quare
2172 2566 2413 2619 lubricae

209 2638 339 2692 sunt
358 2642 485 2692 eius
503 2639 938 2692 observationes
958 2645 1013 2691 et
1031 2639 1189 2691 male
1208 2639 1324 2691 illis
1343 2639 1557 2691 fiditur.
1580 2640 1784 2703 Itaque
1804 2655 1930 2691 non
1948 2641 2146 2698 miror,
2168 2638 2209 2689 fi
2227 2641 2291 2690 in
2310 2638 2414 2690 285

209 2712 399 2771 anniS,
420 2716 505 2762 tot
522 2710 748 2772 scilicet,
771 2717 914 2775 quot
930 2713 1082 2763 inter
1097 2710 1256 2763 illius
1271 2717 1327 2762 et
1340 2710 1780 2763 HIPPARCHI
1795 2710 2228 2762 observationes
2242 2711 2413 2761 inter-

209 2780 355 2842 sunt,
382 2784 561 2834 unius
587 2782 704 2834 diei
729 2783 1179 2848 progressionem
1205 2780 1564 2846 aequinoctia
1583 2788 1814 2834 tantum
1833 2781 2014 2833 fecisse
2035 2781 2186 2840 dicit,
2214 2787 2414 2844 utpote

115 2869 197 2912 3⁵·1·
211 2855 313 2916 qui
338 2852 441 2905 fibi
465 2853 810 2917 persuafisset
836 2856 899 2906 in
924 2854 1030 2906 300
1055 2856 1229 2906 annis
1254 2854 1314 2905 id
1339 2853 1484 2905 fieri.
1513 2853 1718 2917 Itaque
1744 2852 1882 2904 hinc
1908 2852 2027 2903 illae
2054 2851 2331 2903 lacrimae.
2358 2851 2414 2902 A

116 3225 163 3259 40

209 2925 402 2987 prima
429 2924 674 2977 meridie
702 2924 1086 2978 NabonaBari
1115 2925 1191 2977 ad
1223 2922 1580 2989 aequinoctia
1605 2924 1679 2976 ab
1706 2923 1761 2975 se
1789 2923 2107 2980 observata,
2137 2922 2266 2974 sunt
2294 2921 2414 2973 fere

210 2997 363 3048 anni
380 2997 743 3061 noningenti,
775 3002 830 3048 et
855 2996 1103 3061 proinde
1129 2995 1391 3048 triduum
1416 2995 1830 3048 tantummodo
1857 2991 2213 3058 aequinoclia
2237 2995 2320 3055 εἰς
2343 2993 2414 3044 τὰ

211 3067 626 3134 προηγούμενα
645 3074 918 3132 promota
938 3068 1058 3128 esse,
1080 3082 1264 3132 quare
1286 3082 1494 3118 omnes
1514 3067 1628 3118 loci
1649 3066 1800 3118 Solis
1821 3066 1894 3117 ab
1914 3080 1985 3116 eo
2003 3067 2188 3116 notati
2208 3064 2282 3116 ab
2302 3063 2415 3116 hac

210 3136 417 3189 haerefi
441 3137 715 3202 pendent,
743 3145 799 3190 et
823 3144 1134 3203 propterea
1158 3138 1299 3190 falfi.
1328 3138 1542 3202 Neque
1569 3136 1681 3189 hac
1708 3136 1826 3188 fine
1846 3136 1948 3187 stat
1969 3138 2096 3187 eius
2115 3135 2413 3187 sententia.

211 3208 273 3261 Si
300 3208 387 3261 23.
418 3209 718 3274 Februarij
751 3209 827 3261 est
854 3209 914 3261 3⁰
942 3209 1035 3260 30‘
1065 3209 1329 3269 Piscium,
1364 3224 1500 3274 ergo
1530 3206 1953 3273 aequinoctium
1981 3209 2045 3258 in
2073 3206 2159 3258 23.
2191 3206 2412 3270 Martij,

211 3282 354 3344 quia
385 3295 547 3332 anno
578 3280 841 3344 sequenti
873 3283 955 3332 ita
987 3279 1335 3332 observarat.
1370 3280 1522 3345 Ergo
1553 3280 1626 3331 ab
1659 3279 1772 3331 hac
1802 3277 2043 3342 Epocha
2075 3275 2410 3341 aequinoetij

210 3353 379 3403 verni
399 3358 554 3403 retro
574 3354 955 3415 proportione
976 3351 1082 3403 300
1101 3366 1399 3403 annorum
1420 3351 1593 3403 addet
1613 3350 1818 3402 diebus
1839 3349 2098 3407 IulianiS,
2126 3354 2190 3399 ut
2215 3348 2414 3470 loSculrin

2303 3433 2338 3469 o
2386 3433 2412 3468 s
