2618 3938
51 855 157 898 152¹

681 288 1375 347 ANNOTATIONES
1403 292 1879 346 EDITORUM
2280 293 2385 345 429

177 438 425 481 meorum
444 435 708 480 fabricam
727 433 984 478 hactenus
1004 433 1186 484 distuli,
1215 445 1336 488 quae
1356 433 1466 476 iam
1487 431 1784 476 constructa
1805 435 2161 484 cernerentur,
2185 433 2220 475 fi
2240 432 2385 487 prius

176 497 370 540 horum
392 495 632 539 omnium
652 493 1030 538 enodationem
1050 493 1250 536 habere
1269 492 1560 546 potuissem.

248 557 494 611 Rogoque
524 553 718 598 obnixe
745 556 803 596 ut
830 553 1129 596 maximam
1158 551 1523 597 dilatationem
1556 551 1870 594 rimularum
1902 563 1999 605 pro
2032 550 2385 597 instrumentis

175 615 204 659 4
232 615 429 670 pedum
459 613 629 657 subtili
657 613 870 656 calamo
898 612 952 655 in
981 611 1170 655 charta
1199 611 1467 666 designare
1496 621 1603 653 non
1632 610 1882 665 graveris,
1914 622 1980 653 ne
2006 610 2170 653 nimia
2196 622 2383 657 earum

176 674 414 718 dilatatio
434 673 695 717 incertam
715 672 955 727 praebeat
975 670 1417 721 observationem,
1441 670 1585 724 quod
1604 669 1694 712 tali
1716 670 1840 713 casu
1854 670 1907 712 in
1920 669 2263 713 minimarum
2279 669 2386 713 stel-

176 735 350 778 larum
371 732 564 777 centris
585 731 856 788 capiendis
875 731 1115 775 futurum
1135 730 1314 781 credo,
1337 730 1372 772 si
1393 729 1602 772 rimulae
1622 728 1778 772 nimis
1798 730 1937 772 laxae
1958 730 2066 773 sint.
2089 729 2142 771 T.
2161 730 2212 772 E.
2230 729 2384 773 facile

177 794 302 849 quid
321 793 482 837 velim
503 795 555 836 et
573 794 755 836 notem
774 790 1034 846 perspicit,
1055 789 1282 844 ideoque
1301 788 1538 844 pluribus
1559 788 1884 843 supersedeo.
1907 786 1928 847 ΙΙ

248 852 494 905 Quaestio,
520 851 793 906 quomodo
815 849 1064 905 Cylindro
1085 849 1155 892 ad
1175 851 1418 892 centrum
1440 848 1749 902 quadrantis
1768 848 1934 902 posito
1957 847 2254 892 observatio
2277 847 2386 891 alti-

174 912 368 956 tudinis
389 911 566 955 fideris
586 910 702 954 fieri
726 909 890 965 possit,
918 921 1044 953 cum
1069 919 1177 952 non
1198 920 1293 963 per
1310 908 1559 951 foramen
1577 907 1630 949 in
1651 905 1957 950 adiuncstum
1979 907 2232 951 Canalem
2252 907 2382 962 radij

176 972 538 1022 admittantur,
579 970 667 1013 sed
703 969 878 1024 potius
915 969 1109 1012 umbra
1141 980 1173 1011 a
1206 967 1449 1022 cylindro
1487 966 1597 1018 fiat,
1638 967 1910 1021 quomodo
1950 966 2037 1009 illa
2075 967 2268 1010 umbra
2301 978 2386 1010 ex-

176 1031 415 1087 cipiatur.

247 1090 452 1134 Restant
470 1100 611 1132 nunc
634 1088 737 1132 alia
757 1088 880 1139 duo,
903 1099 1024 1142 quae
1046 1087 1115 1130 ad
1136 1086 1429 1130 faciliorem
1447 1088 1499 1129 et
1515 1085 1898 1140 expeditiorem
1913 1084 2385 1129 Instrumentorum

175 1150 327 1194 usum
347 1149 623 1205 pertinent,
645 1147 891 1192 videlicet
910 1148 1119 1202 Regulae
1139 1145 1244 1201 (cui
1262 1145 1566 1201 pinnacidia
1585 1147 1638 1188 et
1657 1144 1848 1188 visoria
1869 1144 2033 1187 affixa
2055 1145 2186 1202 sunt)
2207 1146 2276 1188 ad
2297 1156 2386 1199 op-

174 1213 347 1253 tatum
366 1209 420 1252 in
439 1208 605 1252 limbo
625 1209 808 1252 locum
827 1206 997 1250 facilis
1018 1204 1278 1257 deductio,
1301 1208 1354 1248 et
1366 1204 1631 1249 Sextantis
1646 1204 1716 1247 ad
1731 1204 1972 1258 quemvis
1987 1204 2144 1247 stellae
2159 1205 2386 1259 pofitum

175 1269 422 1324 expedita
442 1267 754 1312 constitutio.

251 1329 289 1372 1.
313 1328 470 1381 Quod
483 1328 553 1371 ad
566 1327 800 1382 primum
818 1326 1018 1377 attinet,
1041 1325 1215 1368 fateor
1227 1336 1316 1368 me
1330 1324 1697 1379 saepenumero
1712 1323 1956 1378 hyberno
1969 1326 2211 1377 tempore
2228 1326 2385 1377 atque

175 1388 362 1443 frigido
384 1388 451 1431 ab
474 1386 929 1431 observationibus
949 1384 1254 1437 abstinuisse,
1278 1384 1422 1439 quod
1441 1383 1545 1427 hac
1567 1383 1951 1427 commoditate
1970 1382 2298 1426 deducendae
2317 1382 2386 1425 ad

176 1448 326 1491 suum
346 1448 527 1492 locum
546 1447 743 1502 regulae
763 1445 1033 1489 destitutus
1054 1445 1409 1499 quadrantem
1427 1443 1580 1487 horae
1600 1443 1685 1486 vel
1705 1442 1869 1486 etiam
1890 1442 2166 1485 dimidiam
2193 1442 2385 1485 horam

175 1507 348 1551 unicae
370 1505 724 1550 observationi
741 1506 1107 1560 saepenumero
1130 1503 1499 1559 impenderim.
1523 1502 1663 1545 Nam
1681 1502 1927 1545 manibus
1942 1513 2067 1544 eum
2090 1501 2386 1556 producere

176 1578 340 1622 cogor
358 1567 412 1609 in
431 1565 613 1618 limbo,
634 1565 812 1620 ibique
833 1562 1040 1608 arctare
1054 1563 1367 1618 rursumque
1388 1563 1588 1614 laxare,
1611 1563 1782 1605 donec
1802 1562 2021 1605 tandem
2036 1561 2147 1604 voti
2160 1572 2386 1615 compos

175 1627 321 1678 fiam,
343 1625 553 1669 interim
573 1624 799 1669 elabitur
816 1627 1028 1678 tempus
1048 1625 1100 1667 et
1120 1622 1437 1666 observandi
1459 1621 1834 1666 commoditas.
1858 1621 2027 1664 Video
2047 1631 2186 1663 nunc
2208 1620 2261 1663 in
2281 1620 2387 1674 qui-

176 1686 398 1729 busdam
423 1685 526 1728 tuis
552 1683 912 1728 Instrumentis
933 1682 1222 1726 Cochleam
1249 1682 1473 1725 affixam
1497 1681 1863 1732 Instrumento,
1893 1692 1997 1735 qua
2024 1681 2205 1735 regula
2231 1679 2386 1723 facile

175 1744 501 1800 producitur,
524 1755 709 1799 quaero
730 1743 833 1795 hic,
856 1755 926 1786 an
946 1742 1170 1786 cochlea
1184 1753 1250 1785 ea
1262 1744 1430 1796 parte,
1453 1753 1559 1795 qua
1578 1740 1768 1796 regulis
1790 1740 2034 1795 affigitur,
2057 1740 2271 1783 clavum
2293 1740 2387 1782 cir-

176 1804 594 1849 cumvolubilem
614 1803 812 1846 habeat
831 1803 915 1846 vel
935 1813 1058 1846 non.
1080 1801 1338 1845 Videntur
1356 1801 1410 1844 in
1428 1800 1598 1855 figura
1617 1799 1722 1857 (nu.
1738 1799 1803 1856 V)
1824 1799 1967 1843 circa
1990 1800 2170 1843 locum
2192 1799 2238 1841 D
2258 1799 2287 1841 2
2306 1810 2387 1843 ro-

174 1865 342 1908 tunda
360 1863 630 1907 foramina
649 1863 733 1906 vel
755 1863 861 1906 duo
881 1861 1020 1905 forte
1040 1860 1195 1913 clavi,
1218 1861 1254 1904 fi
1275 1861 1382 1904 duo
1404 1860 1532 1911 sunt,
1556 1862 1699 1903 certe
1718 1859 1811 1902 fixi
1831 1861 1998 1902 erunt.
2022 1858 2385 1902 Rothmannus

176 1925 480 1968 catenulam
501 1922 782 1966 artificiose
803 1921 968 1965 affixa
988 1921 1157 1964 sidera
1177 1919 1426 1975 praestare
1447 1919 1637 1971 scribit,
1661 1931 1767 1973 qua
1779 1930 1909 1962 vero
1924 1918 2130 1961 ratione
2149 1918 2253 1961 hoc
2274 1917 2383 1969 fiat,

176 1985 212 2027 fi
230 1983 479 2028 brevibus
497 1981 733 2037 expediri
748 1981 926 2036 posset,
949 1980 1078 2024 scire
1095 1980 1269 2034 cupio,
1286 1983 1345 2023 ut
1362 1980 1674 2023 alterutrum
1691 1979 1914 2022 modum
1927 1977 2035 2035 (qui
2049 1977 2387 2021 commodior

175 2043 455 2099 videbitur)
475 2042 665 2097 eligere
684 2040 883 2096 possim.

246 2103 290 2146 2.
325 2102 494 2145 Restat
519 2101 688 2153 fulcri,
719 2101 807 2144 cui
832 2100 1040 2144 sextans
1066 2098 1315 2150 innititur,
1347 2097 1641 2153 descriptio.
1677 2097 1866 2141 Scribit
1890 2096 1944 2139 T.
1973 2097 2095 2139 Exc.
2125 2096 2385 2139 sextantes

175 2161 378 2217 imponi
404 2161 587 2217 globis,
619 2160 808 2215 quibus
833 2160 887 2203 in
913 2170 1100 2203 omnes
1126 2161 1305 2213 partes
1332 2157 1454 2201 coeli
1479 2157 1636 2200 facile
1663 2156 2018 2211 disponantur.
2053 2155 2153 2199 Hic
2183 2155 2383 2210 ignoro,

170 2235 246 2266 ‚an
267 2222 326 2265 fit
344 2221 530 2276 globus
556 2220 756 2275 ligneus
776 2220 860 2262 vel
882 2230 949 2262 ex
968 2219 1185 2262 metallo
1210 2216 1398 2269 factus,
1426 2217 1553 2261 item
1580 2229 1650 2259 an
1675 2216 1873 2259 habeat
1900 2215 2134 2269 aliquam
2162 2215 2386 2258 affixam

177 2281 458 2325 cochleam
484 2281 754 2331 latentem,
783 2291 890 2334 qua
914 2278 1101 2334 globus
1120 2278 1333 2321 laxatur
1351 2280 1403 2320 et
1423 2277 1493 2320 ad
1513 2279 1721 2319 certum
1740 2276 1967 2330 positum
1988 2274 2384 2329 constringatur,

175 2353 242 2384 ne
263 2340 671 2384 Instrumentum
691 2351 724 2382 a
744 2339 836 2382 suo
855 2349 986 2382 vero
1007 2338 1102 2380 fitu
1122 2337 1474 2380 dimoveatur.
1507 2335 1685 2387 Habet
1704 2338 1756 2378 et
1775 2346 1958 2378 meum
1978 2334 2386 2377 Instrumentum

176 2401 422 2451 fulcrum,
445 2399 589 2454 quod
606 2398 634 2442 3
656 2397 889 2442 cochleis
910 2397 1129 2452 operose
1150 2395 1452 2451 disponitur,
1474 2406 1583 2438 non
1603 2396 1706 2438 fine
1725 2394 1981 2449 temporis
2002 2393 2286 2448 dispendio.
2309 2393 2385 2436 Ac

175 2463 243 2512 te,
274 2459 348 2502 mi
374 2457 804 2503 Excellentissinie
830 2456 1076 2508 Domine,
1103 2456 1265 2499 velim
1295 2467 1382 2498 me
1410 2455 1464 2498 in
1492 2454 1573 2498 his
1601 2454 1778 2510 (prout
1806 2454 1938 2497 meis
1965 2453 2124 2496 rebus
2151 2452 2386 2495 maxime

177 2519 462 2563 convenire
481 2518 576 2562 tibi
593 2517 874 2574 videbitur)
892 2517 1117 2560 fideliter
1142 2518 1194 2559 et
1219 2514 1538 2559 sufficienter
1563 2515 1808 2558 edoceas.
1838 2513 1979 2556 Nam
2004 2513 2085 2555 his
2112 2512 2386 2567 postremis

177 2579 386 2622 duobus
411 2576 803 2632 impedimentis
823 2577 977 2631 saepe,
1003 2574 1296 2631 praesertim
1323 2574 1511 2630 frigido
1538 2575 1693 2625 coelo,
1722 2573 1789 2616 ab
1818 2572 2272 2616 observationibus
2300 2571 2387 2614 ab·

177 2638 414 2689 sterreor,
443 2637 551 2680 den
578 2636 668 2680 ein
691 2635 869 2680 Stund
891 2634 1027 2678 vber
1048 2634 1174 2677 eine
1202 2632 1541 2678 observation
1563 2633 1636 2676 im
1660 2633 1848 2676 kalten
1874 2631 2068 2674 winter
2084 2629 2305 2674 darauff
2315 2642 2385 2673 zu

176 2696 344 2750 sthen,
365 2695 426 2739 ist
444 2696 569 2740 woll
588 2695 678 2739 ein
698 2694 923 2739 zimlicli
946 2693 1106 2747 buRe,
1128 2694 1203 2737 ita
1222 2696 1279 2737 ut
1299 2694 1609 2737 catharrum
1629 2692 1768 2747 saepe
1788 2690 2104 2735 nocturnum
2125 2690 2285 2745 frigus
2303 2701 2387 2732 ex-

177 2757 315 2800 citet.
338 2756 476 2808 Quid
495 2767 625 2799 vero
644 2755 674 2798 2
694 2754 870 2799 baculi
888 2753 1102 2798 rotundi
1120 2754 1173 2796 in
1193 2753 1362 2808 figura
1383 2752 1630 2796 sextantis
1651 2751 1743 2794 fibi
1761 2751 1936 2802 velint,
1958 2751 2157 2805 ignoro.

249 2815 494 2867 Quaestio,
526 2827 622 2858 cur
650 2815 703 2857 in
730 2814 915 2858 tabula
945 2814 1150 2856 finuum
1177 2813 1388 2868 fingulae
1413 2812 1441 2855 3
1468 2812 1691 2866 cyphrae
1716 2811 1800 2854 vel
1827 2810 2011 2865 figurae
2036 2820 2385 2851 numerorum

177 2877 449 2919 commate
470 2874 859 2929 distinguantur,
883 2873 1008 2927 quid
1029 2884 1094 2916 eo
1114 2875 1340 2916 notetur.

249 2934 439 2978 Scribit
462 2933 515 2975 in
541 2933 703 2976 literis
721 2933 775 2976 T.
798 2933 887 2976 Ex.
908 2932 962 2975 in
982 2931 1242 2986 capienda
1265 2930 1505 2974 distantia
1526 2930 1683 2973 stellae
1704 2932 1755 2972 et
1776 2929 1943 2971 Lunae
1969 2927 2193 2970 limbum
2220 2929 2386 2969 extre-

177 3006 327 3037 mum
342 2993 440 3036 esse
455 2992 861 3043 observandum,
884 2994 937 3034 et
956 2991 1406 3034 semidiametrum
1422 3001 1529 3033 uno
1546 2989 1689 3043 quasi
1704 2988 1907 3030 minuto
1924 2987 2187 3029 minorem
2202 2985 2386 3028 distan-

176 3053 265 3096 tiae
287 3052 512 3096 addend.
529 3052 614 3095 vel
631 3051 757 3094 dim.
780 3050 915 3095 Haec
936 3062 1044 3094 non
1063 3050 1185 3093 satis
1204 3050 1455 3104 percipio,
1478 3060 1574 3092 cur
1594 3047 1982 3091 semidiameter
2001 3057 2107 3088 uno
2129 3046 2272 3099 quafi
2294 3044 2385 3087 mi-

178 3115 305 3156 nuto
326 3111 501 3157 minor
521 3111 580 3153 fit
599 3113 697 3154 etc.
721 3110 870 3154 cuius
890 3109 1030 3164 dubij
1054 3109 1430 3153 enodationem
1451 3106 1687 3162 expecto.
1797 3155 1802 3159 ,

249 3172 328 3214 De
361 3171 442 3213 his
474 3173 527 3214 et
558 3169 806 3212 similibus
837 3168 929 3212 ubi
960 3168 1306 3212 sufficientem
1339 3167 1755 3211 declarationem
1790 3175 2067 3218 accepero,
2106 3163 2174 3205 ad
2209 3162 2386 3206 instru—

178 3234 484 3274 mentorum
503 3229 767 3272 fabricam
788 3240 918 3272 mox
936 3227 1258 3283 progrediar.
1288 3227 1465 3279 Quare
1486 3225 1616 3268 mihi
1636 3236 1743 3268 non
1764 3224 1910 3275 desis,
1932 3227 1990 3266 ut
2010 3234 2107 3265 nec
2128 3221 2384 3265 hactenus

177 3290 230 3333 in
257 3290 365 3333 ullo
396 3288 526 3332 mihi
554 3287 771 3339 defuisti,
803 3287 890 3331 sed
918 3287 1081 3331 etiam
1109 3287 1242 3341 plus,
1274 3298 1437 3340 quam
1466 3288 1644 3339 petere
1675 3284 1829 3327 ausus
1858 3282 2065 3333 fuerim,
2096 3281 2381 3336 praestitisti.

179 3350 323 3392 Deus
344 3351 449 3403 opt.
472 3360 615 3391 max.
636 3347 730 3391 tibi
748 3346 1018 3390 retribuat.
1041 3346 1227 3388 Amen.
1251 3343 1271 3404 ΙΙ
