2638 3918
277 436 533 488 INDEX
561 435 931 487 VIRORUM
961 435 1430 488 DOCTORUM
1456 435 1725 499 ATQUE
1751 436 2126 489 ALIORUM
2153 436 2400 488 HOMI-

403 519 593 570 NUM
622 518 1081 578 INSIGNIUM,
1110 516 1468 582 QUORUM
1496 519 1582 570 IN
1608 518 1860 571 TOMIS
1886 519 1993 571 VII
2020 518 2120 570 ET
2145 519 2280 570 VIII

1095 601 1415 653 MENTIO
1443 601 1581 653 FIT.

306 695 540 731 Omisimus
567 705 713 730 eorum
740 694 965 730 hominum
989 694 1176 736 nomina,
1204 695 1255 730 de
1276 694 1432 740 quibus
1453 694 1561 730 nihil
1583 694 1700 730 aliud
1721 697 1895 736 constat,
1922 706 2050 740 quam
2071 706 2166 740 quae
2187 694 2231 730 in
2252 693 2443 739 epistulis

234 756 441 800 leguntur,
468 757 513 789 ut
532 764 690 794 eorum,
717 764 824 798 quos
845 757 1063 789 enumerat
1083 753 1413 790 Riddershusius
1436 754 1547 796 (VIII
1569 755 1639 789 219
1659 755 1778 800 sqq.)‚
1806 759 1844 790 et
1870 753 2046 789 nomina
2071 753 2296 789 hominum
2324 753 2442 789 nobi-

234 814 339 849 lium
361 815 592 849 Suecorum
615 813 725 854 (VIII
748 812 846 855 214).

305 874 369 908 Ad
395 872 578 909 indicem
605 872 919 908 conficiendum
947 872 1222 908 adhibuimus
1250 872 1355 908 inter
1381 872 1465 908 alia
1490 873 1641 908 Dansk
1666 873 1900 917 biografisk
1920 872 2126 914 Lexikon,
2152 870 2334 917 Joecheri
2353 873 2442 908 Au-

230 934 458 978 gemeines
486 931 937 972 Gelehrten-Lexicon‚
964 933 1236 977 Allgemeine
1261 933 1465 967 deutsche
1485 932 1754 977 Biographie,
1783 930 2091 977 Poggendorffii
2112 931 2444 976 Bi0graph1'sch-

233 993 522 1028 literarisches
542 993 936 1027 Handwo'tterbuch
967 1002 1044 1027 zur
1068 991 1326 1027 Geschichte
1355 993 1430 1027 der
1456 994 1637 1026 exactem
1664 991 2052 1031 wissenschaften,
2084 991 2169 1026 The
2194 990 2445 1036 Dictionaty

234 1054 284 1087 of
296 1053 498 1087 National
517 1052 736 1096 Biogtaph
738 1063 782 1097 y.

305 1133 830 1185 AALBURGENSIS,
866 1133 1107 1184 Ioannes,
1148 1135 1303 1175 natus

234 1204 484 1259 Aalburgi
506 1204 694 1247 Daniae
726 1204 853 1256 1542,
883 1204 1150 1248 Rostochii
1176 1204 1304 1247 litte-

234 1289 419 1318 rarum
448 1276 633 1319 studiis
663 1287 886 1330 operam
915 1275 1072 1327 dedit,
1106 1276 1164 1319 20
1193 1276 1303 1319 fere

237 1359 405 1391 annos
428 1347 480 1390 in
499 1348 660 1390 variis
681 1347 984 1390 Germaniae
1012 1347 1304 1390 academiis

235 1422 478 1462 versatus
522 1419 810 1473 bibliopola
856 1418 1084 1462 Hauniae
1129 1418 1304 1462 factus

236 1493 329 1534 est.
354 1491 596 1533 Mortuus
617 1493 696 1533 est
720 1490 846 1533 1619.

306 1573 792 1616 ALBINOVANUS
809 1574 998 1625 PEDO,
1019 1573 1196 1628 Gajus‚
1216 1584 1304 1627 po-

236 1648 323 1688 eta
338 1645 518 1699 epicus
534 1645 818 1697 Romanus,
839 1645 969 1687 vixit
984 1644 1157 1687 Ovidii
1176 1647 1305 1687 tem-

235 1716 468 1771 poribus.
493 1716 631 1758 Nihil
645 1716 756 1759 fere
772 1728 837 1758 ex
852 1715 1177 1759 carminibus
1193 1715 1236 1770 ej
1243 1727 1304 1757 us

236 1787 479 1831 relictum
501 1790 594 1830 est.

306 1865 622 1908 ALOISIUS
643 1865 747 1907 vid.
771 1864 947 1908 Lilius.

306 1942 641 1993 ANGELUS,
674 1942 917 1994 Iacobus,
949 1942 1188 1985 medicus
1220 1942 1306 1985 Ul-

236 2026 357 2056 mae.
380 2013 688 2056 Tractatum
710 2013 1023 2067 conscripsit
1043 2014 1109 2056 de
1130 2025 1305 2056 come-

235 2085 315 2128 tis.
332 2084 537 2128 Vixisse
558 2084 767 2127 videtur
787 2085 931 2128 circa
952 2097 999 2127 a.
1027 2084 1154 2127 1400.

308 2168 641 2220 ANGELUS,
718 2168 959 2219 Ioannes,
1035 2168 1306 2222 professor

238 2239 582 2283 astronomiae
603 2240 954 2291 Vindobonae,
985 2243 1140 2283 mort.
1174 2239 1301 2282 1512.

239 2311 428 2354 Libros
467 2311 780 2365 conscripsit
818 2311 884 2354 de
923 2311 1222 2354 astrolabiis
1248 2314 1305 2354 ,et

238 2383 303 2425 de
325 2382 624 2436 astrologia.

309 2465 614 2516 APIANUS,
636 2466 815 2508 Petrus
835 2465 1172 2522 (Bienewitz),
1197 2468 1303 2508 nat.

243 2536 370 2587 1495,
399 2539 555 2579 mort.
584 2536 710 2588 1552,
739 2536 1011 2590 professor
1037 2537 1200 2579 math.
1230 2537 1307 2579 In-

238 2607 494 2662 golstadii,
517 2607 744 2662 scriptor
765 2607 1172 2651 astronomicus.

310 2690 706 2742 BACHATIUS,
748 2690 1006 2733 Martinus
1038 2690 1307 2747 (Bochazi-

237 2774 316 2813 us,
348 2762 663 2819 Bachazek),
695 2762 823 2804 dum
849 2762 1032 2816 Tycho
1063 2761 1114 2804 in
1145 2762 1308 2805 Bohe-

240 2833 347 2876 mia
370 2836 629 2885 versatur,
660 2836 837 2876 rector
866 2836 980 2876 erat
1010 2833 1305 2876 academiae

240 2904 525 2959 Pragensis.

311 2987 734 3039 BACMEISTER,
775 2987 967 3038 Lucas,
1011 2988 1305 3042 theologus,

240 3062 394 3102 natus
419 3059 546 3110 1530,
562 3059 962 3113 Wittembergae
981 3058 1166 3102 studiis
1188 3070 1307 3113 ope-

240 3142 358 3172 ram
374 3130 531 3183 dedit,
555 3131 622 3173 ab
642 3141 781 3173 anno
801 3129 913 3172 1562
927 3129 1199 3184 professor
1212 3129 1309 3172 fuit

241 3202 521 3253 Rostochii,
543 3201 632 3244 ubi
651 3204 893 3245 mortuus
909 3204 987 3244 est
1004 3200 1131 3244 1608.
1154 3200 1307 3244 Filius

242 3273 478 3327 ejusdem
499 3272 726 3315 nominis
751 3271 1083 3328 (1570—1638)
1108 3271 1307 3326 episco-

241 3355 338 3398 pus
359 3343 454 3385 fuit
476 3343 755 3387 Rostochii,

1448 1132 1736 1183 BALDUS,
1759 1131 2112 1175 Bernardinus
2131 1131 2330 1188 (Baldi)‚
2358 1144 2446 1174 na-

1375 1207 1461 1247 tus
1476 1203 1663 1247 Urbini
1681 1203 1809 1254 1553,
1826 1203 1995 1246 abbas
2007 1203 2296 1246 Guastallae
2315 1202 2442 1255 1586,

1377 1278 1620 1319 mortuus
1644 1274 1771 1318 1617.
1789 1274 1956 1317 Vertit
1977 1286 2141 1329 opera
2159 1273 2321 1325 Arati,
2345 1273 2446 1317 He-

1377 1347 1536 1399 ronis‚
1560 1346 1802 1390 aliorum.

1450 1415 2445 1474 BARNEFELDIUS,Ioannes(Janvan

1379 1489 1874 1544 Oldenbarneveld),
1887 1490 2044 1531 natus
2059 1487 2187 1539 1549,
2200 1486 2446 1542 princeps

1377 1563 1741 1615 propugnator
1771 1560 1953 1603 liberae
1985 1558 2291 1614 reipublicae
2322 1558 2446 1602 Hol-

1378 1631 1622 1682 landicae,
1644 1631 1902 1685 supplicio
1924 1630 2150 1674 affectus
2174 1629 2301 1673 1619.

1450 1702 1946 1754 BARTHOLINUS,
1977 1702 2216 1757 Magnus,
2243 1701 2446 1757 Tycho-

1378 1774 1458 1817 nis
1470 1774 1811 1825 domesticus,
1827 1777 2014 1828 postea
2025 1776 2202 1817 rector
2214 1772 2447 1816 Herlufs-

1377 1845 1580 1889 holmii.

1450 1917 1720 1968 BATTUS,
1750 1917 1994 1968 Levinus‚
2023 1919 2178 1959 natus
2203 1915 2446 1959 Gannitae

1379 1988 1639 2031 Flandriae
1664 1988 1792 2040 1545,
1821 1988 2093 2043 professor
2119 1987 2313 2030 artium
2337 1999 2447 2030 ma-

1378 2059 1794 2103 thematicarum
1821 2059 2101 2110 Rostochii,
2131 2061 2286 2102 mort.
2317 2058 2444 2101 1591.

1451 2131 1710 2183 BELOW,
1746 2130 2024 2182 Henr1cus,
2058 2130 2224 2174 homo
2257 2129 2447 2173 nobilis

1381 2202 2162 2258 Mecklenburgensis.Feudum
2171 2203 2359 2244 nactus
2368 2203 2447 2244 est

1378 2273 1701 2326 inJutlandia
1717 2273 1845 2325 1579,
1859 2273 2237 2316 consobrinam
2245 2272 2448 2327 Tycho-

1379 2345 1458 2388 nis
1478 2345 1530 2388 in
1552 2345 1953 2388 matrimonium
1974 2344 2122 2387 duxit
2152 2344 2279 2396 1583,
2308 2355 2447 2388 mor-

1378 2420 1499 2459 tuus
1520 2419 1600 2460 est
1623 2416 1750 2460 1606.

1452 2476 1808 2539 BERNSSON,
1860 2488 2102 2538 Ioannes,
2160 2486 2447 2541 discipulus

1379 2559 1660 2614 Tychonis.
1685 2559 1784 2602 Hic
1801 2559 2026 2602 fortasse
2040 2558 2083 2601 is
2098 2561 2177 2601 est
2195 2558 2446 2601 »Ioannes

1379 2630 1689 2673 Wardensis
1711 2630 1987 2684 Cymber«,
2017 2629 2106 2684 qui
2128 2629 2181 2672 in
2201 2629 2445 2683 catalogo

1381 2701 2029 2756 discipulorumTychonis
2037 2701 2159 2757 (vid.
2169 2703 2299 2744 tom.
2310 2699 2448 2757 XIV)

1380 2773 1699 2816 nominatur.

1453 2844 1664 2895 BILLE,
1722 2843 1978 2887 Eschillus
2027 2843 2138 2886 sive
2188 2842 2447 2886 Ascanius

1379 2915 1550 2971 (Eske)
1593 2915 1621 2966 J
1625 2917 1898 2970 orgensen,
1948 2914 2195 2958 dominus
2243 2912 2444 2968 praedii,

1381 2986 1524 3041 quod
1544 2990 1770 3030 vocatur
1793 2986 1985 3041 Ellinge
2011 2986 2063 3028 in
2090 2984 2297 3037 Scania,
2326 2995 2448 3028 con-

1380 3058 1696 3112 sanguineus
1742 3057 2024 3112 Tychonis‚
2076 3055 2285 3111 negotia
2335 3055 2447 3111 eJus

1380 3129 1704 3183 procuravit,
1726 3132 2012 3183 postquam
2032 3127 2215 3182 Tycho
2231 3139 2259 3170 e
2275 3126 2447 3170 Dania

1382 3200 1635 3243 discessit.

1452 3271 1664 3322 BILLE,
1687 3270 1934 3313 Claudius
1953 3270 2161 3327 (Claus),
2183 3269 2320 3311 filius
2342 3269 2447 3311 Ste-

1380 3342 1532 3385 nonis
1548 3342 1687 3393 Bille,
1704 3341 1952 3384 avunculi
1964 3340 2246 3395 TychoniS,
2267 3352 2312 3382 a.
2334 3339 2447 3382 1599
