2652 4022
307 309 720 363 MAGINUS
747 309 869 361 AD
895 308 1403 362 TYCHONEM
1429 309 1504 361 23
1531 307 1775 375 FEB.l4
1802 309 2065 361 MART.
2094 309 2240 361 1600
2312 310 2404 362 251

269 453 555 504 Assentior
579 451 682 504 tibi
709 451 780 503 de
806 454 1146 503 narratione
1173 466 1372 503 rerum
1395 458 1633 503 tuarum
1654 468 1778 503 non
1797 454 1860 503 in
1880 452 2114 517 dialogo
2134 451 2405 503 facienda

198 524 294 576 sed
320 523 622 576 occafione
648 525 1001 587 panegyrici.
1030 522 1143 574 Sed
1166 525 1327 574 venit
1352 522 1501 574 mihi
1526 530 1727 574 tamen
1753 527 1815 574 in
1841 530 2101 575 mentem
2128 524 2288 587 quod
2314 539 2403 575 ra-

198 597 346 647 tioni
371 594 580 646 nostrae
599 593 787 645 multo
807 593 871 645 fit
891 593 1318 645 conducibilius
1338 601 1516 657 atque
1537 597 1746 657 aptius.
1775 594 2041 659 Intelligo
2062 594 2403 646 BERNAR-

199 666 480 718 DINUM
504 665 855 717 BALDUM
876 665 1226 717 Urbinatem
1249 664 1570 717 Guastallae
1590 664 1898 725 Abbatem,
1927 668 2029 730 qui
2056 666 2199 717 olim
2227 666 2405 718 edidit

128 754 185 797 ⁵·1-
200 737 483 789 HERON
487 736 553 789 IS
568 751 718 801 opus
732 736 804 788 de
818 736 1111 788 machinis
1125 735 1177 787 se
1188 736 1498 788 movendis
1511 751 1542 787 e
1557 736 1772 788 Graeco
1787 753 1823 788 a
1837 737 1892 788 se
1906 737 2027 802 ipso
2042 737 2402 797 translatum,

107 1110 149 1145 lo

106 1467 147 1502 15

99 1886 118 1929 5-

101 2180 147 2215 25

100 2892 147 2927 35

196 808 396 860 multis
417 807 633 860 abhinc
653 810 827 859 annis
846 810 1215 872 provinciam
1235 807 1523 871 suscepisse
1538 807 1974 859 scribendarum
1987 811 2243 860 vitarum
2256 824 2402 872 prae-

196 879 469 931 stantium
490 879 1070 931 Mathematicorum.
1099 878 1430 930 Hominem
1451 878 1691 942 quidem
1711 879 1782 930 de
1803 878 1950 930 facie
1974 895 2098 931 non
2124 882 2282 939 novi,
2308 879 2404 931 sed

197 957 397 1002 tamen
422 950 554 1010 sci0,
582 966 719 1002 cum
745 950 1070 1014 aliquando
1091 950 1367 1002 Bononia
1392 949 1670 1009 tranfiret,
1700 950 1945 1002 domum
1965 950 2040 1002 ad
2060 966 2156 1002 me
2176 951 2402 1010 venisse‚

197 1028 261 1073 ut
278 1037 376 1073 me
397 1022 468 1073 de
488 1021 638 1073 facie
658 1022 849 1081 nosset,
876 1028 940 1073 ut
965 1020 1115 1073 mihi
1140 1020 1337 1085 postea
1363 1019 1598 1081 dictum,
1626 1036 1768 1072 nam
1788 1037 1883 1072 me
1904 1037 2028 1072 non
2048 1024 2288 1073 invenit.
2317 1022 2404 1073 Ex

197 1092 311 1145 hoc
336 1092 519 1157 spem,
540 1092 581 1144 fi
601 1093 742 1157 quid
769 1093 842 1144 ab
866 1108 936 1144 eo
962 1099 1177 1157 petam,
1205 1098 1514 1156 tamquam
1533 1108 1570 1144 a
1589 1094 1707 1143 mei
1733 1092 1997 1152 studios0,
2024 1092 2194 1144 facile
2221 1095 2402 1157 impe-

196 1171 502 1216 traturum.
524 1165 728 1228 Itaque
743 1164 987 1216 scribere
1002 1165 1078 1216 ad
1093 1179 1231 1215 eum
1245 1166 1434 1229 cogito
1450 1170 1504 1215 et
1519 1179 1654 1215 cum
1670 1179 1741 1215 eo
1756 1179 1945 1228 agere,
1966 1170 2030 1215 ut
2042 1166 2226 1216 vitam
2238 1171 2403 1215 tuam

196 1235 501 1300 diligenter
527 1235 862 1296 conscribat,
894 1242 949 1287 et
977 1235 1053 1287 ad
1081 1250 1178 1287 me
1209 1237 1335 1287 eius
1365 1234 1618 1286 historiae
1649 1235 1988 1299 exemplum
2016 1238 2226 1287 mittat:
2257 1235 2403 1286 illud

195 1307 391 1372 postea
420 1322 557 1359 cum
587 1309 871 1372 encomijs
899 1309 986 1359 tui
1013 1309 1256 1371 poeticis
1287 1309 1644 1371 coniungere
1673 1306 1881 1366 licebit,
1917 1313 1971 1358 et
2000 1309 2102 1370 qui
2132 1310 2405 1358 encomia

197 1378 300 1430 illa
319 1377 628 1444 collegerit,
656 1379 815 1430 idem
840 1378 942 1430 fibi
962 1379 1035 1430 ab
1056 1378 1159 1430 illo
1181 1381 1307 1429 eius
1327 1377 1580 1429 historiae
1602 1380 1835 1442 copiam
1856 1376 2070 1430 factam
2091 1378 2281 1429 dicere
2302 1394 2403 1442 po-

197 1452 343 1502 terit.
371 1450 486 1502 Sed
505 1453 554 1501 is
573 1456 775 1502 tamen
793 1453 957 1514 prius
978 1449 1281 1514 diligenter
1302 1450 1373 1501 de
1395 1448 1672 1501 omnibus
1695 1449 1886 1509 rebuS,
1918 1465 2053 1513 quae
2074 1452 2405 1514 argumenti

197 1524 325 1573 eius
355 1527 542 1581 erunt,
574 1521 909 1573 edocendus
939 1521 1029 1572 est.
1065 1522 1187 1586 Ego
1218 1536 1611 1585 quaecumque
1641 1520 1759 1572 huc
1787 1518 2104 1585 spectantia
2133 1520 2403 1585 colligere

195 1599 418 1656 potero,
444 1608 570 1644 non
588 1595 1054 1656 praetermittam
1080 1592 1176 1644 sed
1195 1592 1461 1644 bimestre
1481 1592 1732 1657 spatium
1751 1591 2026 1656 pufillum
2047 1591 2137 1651 est,
2163 1592 2403 1656 quando

196 1666 234 1729 ij
243 1705 254 1722 ,
283 1679 539 1728 quorum
566 1679 749 1728 opera
773 1664 1122 1728 indigemuS,
1149 1663 1281 1716 suas
1308 1679 1547 1728 quoque
1575 1663 1795 1715 habent
1816 1666 2249 1728 occupationes,
2278 1665 2402 1727 qui-

195 1735 305 1787 bus
334 1735 690 1787 distinentur.
721 1735 858 1787 Hoc
886 1735 1035 1786 mihi
1061 1738 1123 1787 in
1149 1734 1488 1786 huiusmodi
1516 1738 1752 1799 negotio
1780 1738 2068 1798 optimum
2098 1734 2404 1786 confilium

195 1805 525 1858 videbatur:
548 1807 708 1870 quod
727 1821 930 1858 meum
948 1812 1150 1858 tamen
1170 1806 1455 1858 iudicium
1474 1813 1594 1857 tuae
1614 1806 1943 1870 prudentiae
1962 1808 2252 1870 permitto,
2275 1801 2295 1874 ΙΙ

269 1877 520 1942 Eclipfin
549 1877 818 1930 Solarem
846 1880 991 1929 anni
1019 1878 1147 1930 1598
1178 1877 1571 1928 instrumentis
1602 1877 2033 1929 mathematicis
2062 1893 2186 1928 non
2216 1876 2401 1928 obser-

195 1951 349 2009 vavi,
386 1964 523 2000 cum
557 1948 654 2001 hic
685 1965 809 2014 prae
842 1949 1119 2001 manibus
1150 1964 1275 2000 non
1306 1948 1588 2000 haberem
1621 1949 1906 2000 idoneum
1936 1948 2400 2000 instrumentum.

196 2019 529 2085 Horologio
561 2027 763 2072 tamen
793 2036 866 2072 ex
895 2019 1157 2085 pulvere,
1190 2020 1350 2084 quod
1383 2020 1740 2084 quadrantes
1771 2019 2057 2071 horarum
2089 2019 2400 2079 indicabat,

195 2092 580 2143 accomodato
602 2092 677 2143 ad
697 2091 911 2144 horam
930 2098 1167 2144 exortus
1182 2091 1351 2151 Solis,
1372 2093 1607 2156 percepi
1627 2091 1861 2155 eclipfin
1880 2090 2064 2155 ipsam
2083 2091 2403 2142 tardiorem

195 2162 352 2214 fuisse
372 2162 524 2214 hora
543 2178 695 2227 pene
715 2178 856 2222 una,
878 2178 1060 2227 quam
1079 2162 1289 2227 prodat
1310 2162 1570 2214 calculus
1584 2163 1945 2222 PrutenicuS,
1968 2168 2022 2213 et
2038 2165 2164 2213 eius
2178 2164 2400 2226 magni-

195 2234 338 2285 tudo
364 2249 584 2286 novem
610 2232 828 2298 puncta
846 2250 971 2286 non
991 2235 1228 2293 excessit,
1257 2236 1529 2298 quamvis
1550 2231 1952 2298 expectaretur
1974 2233 2070 2285 hic
2090 2235 2281 2285 maior
2303 2233 2400 2285 ob-

194 2305 459 2357 scuratio,
490 2305 627 2357 Hoc
656 2306 814 2357 idem
844 2312 899 2357 et
928 2306 1134 2357 Romae
1162 2311 1217 2356 et
1242 2305 1464 2369 Patavij
1498 2305 1868 2356 observatum
1897 2304 2022 2365 fuit,
2051 2304 2260 2356 scilicet
2288 2311 2399 2356 tar-

196 2376 423 2428 diorem
441 2376 598 2428 fuisse
613 2377 688 2428 ad
702 2379 991 2441 integram
1003 2377 1124 2428 fere
1139 2376 1352 2428 horam
1368 2383 1422 2427 et
1435 2378 1730 2428 minorem
1744 2376 1900 2427 fuisse
1916 2375 2399 2427 obscurationem.

196 2447 513 2511 Exemplar
542 2447 796 2512 epistolae
826 2448 1178 2500 Illustrissimi
1200 2447 1536 2501 Cardinalis
1563 2447 1658 2499 SS.
1683 2446 2136 2511 QUATTUOR,
2170 2449 2401 2511 nepotis

194 2518 378 2570 felicis
398 2522 705 2571 memoriae
726 2519 1209 2581 INNOCENTIJ
1231 2517 1421 2571 octavi
1442 2519 1673 2571 Summi
1694 2517 2004 2583 pontificiS,
2032 2521 2095 2569 in
2116 2534 2234 2582 qua
2253 2518 2402 2569 mihi

195 2589 267 2642 de
287 2590 391 2642 illa
411 2590 618 2655 eclipfi,
645 2597 820 2655 prout
840 2591 1046 2643 Romae
1068 2593 1364 2655 contingit,
1391 2590 1692 2642 historiam
1710 2596 1927 2650 narrat,
1956 2590 2031 2642 ad
2051 2596 2107 2641 te
2126 2592 2309 2650 mitt0‚
2337 2596 2401 2640 ut

194 2661 413 2722 videaS‚
434 2661 475 2712 fi
496 2677 569 2713 ex
588 2662 691 2714 illa
711 2663 1039 2727 quidquam
1058 2662 1297 2714 haurire
1318 2668 1500 2726 poteS,
1526 2668 1581 2713 et
1600 2661 1641 2713 fi
1660 2662 1762 2714 tibi
1781 2662 1942 2713 bona
1962 2660 2184 2713 occafio
2205 2661 2276 2712 de
2297 2660 2400 2712 illo

195 2732 523 2785 honorifice
543 2733 709 2797 loqui
728 2740 927 2798 patere
947 2736 1174 2798 poterit,
1202 2733 1350 2784 mihi
1370 2734 1744 2798 gratissimum
1764 2735 1892 2792 erit;
1921 2732 1996 2784 est
2022 2735 2182 2784 enim
2206 2741 2398 2796 patro-

194 2819 308 2855 nus
328 2819 498 2855 meus
517 2804 979 2866 humanissimus,
1002 2807 1097 2857 cui
1116 2807 1377 2856 maxime
1398 2804 1584 2856 debeo
1603 2804 1677 2856 ob
1695 2806 2012 2855 innumera
2030 2802 2318 2855 beneficia
2337 2805 2400 2854 in

195 2889 291 2926 me
318 2874 547 2927 collata.
575 2875 790 2928 Nullas
815 2879 1122 2940 praeteritis
1147 2876 1510 2940 temporibus
1536 2875 1647 2927 feci
1674 2875 2105 2927 observationes
2133 2873 2207 2925 ob
2233 2876 2400 2925 varia

194 2946 633 3010 impedimenta,
664 2962 801 2998 cum
826 2947 1051 3012 semper
1076 2950 1331 3012 integras
1358 2946 1624 3011 epistolas
1652 2945 2084 3010 conscripserim
2109 2945 2268 3009 apud
2295 2944 2397 2996 ali-

196 3032 345 3081 quos
367 3016 717 3069 Cardinales
738 3025 793 3069 et
811 3019 1125 3083 Principes,
1150 3018 1390 3082 quando
1410 3018 1620 3069 scilicet
1639 3017 1735 3069 hic
1757 3024 1923 3069 erant
1943 3033 1979 3068 a
1998 3016 2207 3067 scholis
2227 3031 2397 3067 vaca-

194 3091 401 3140 tioneS.
423 3087 602 3151 Quod
620 3095 852 3154 tempus
871 3092 1132 3141 maxime
1152 3089 1291 3141 huic
1311 3092 1545 3154 negotio
1568 3095 1691 3140 erat
1709 3089 2008 3156 idoneum.

267 3159 560 3211 Laboravi
579 3175 704 3211 non
722 3176 952 3224 parum,
973 3168 1037 3212 ut
1056 3163 1418 3226 perciperem
1432 3167 1598 3212 tuam
1612 3162 1903 3211 rationem
1918 3158 2270 3223 supputandi
2285 3158 2396 3209 Lu-

195 3245 404 3282 narem
425 3230 656 3282 cursum
677 3247 750 3283 ex
770 3234 1185 3296 quinternione
1205 3231 1353 3283 mihi
1374 3230 1573 3283 relicto
1595 3247 1631 3283 a
1652 3231 1725 3282 D.
1747 3230 2198 3282 FRANCISCO
2213 3229 2396 3280 ΤΕΝ-

197 3300 529 3362 GNALIO,
563 3317 600 3353 a
629 3317 758 3367 pag.
790 3303 869 3354 113
903 3305 1233 3367 incipiente.
1267 3303 1618 3355 Notandum
1648 3317 1789 3353 vero
1823 3301 1982 3365 quod
2014 3301 2144 3352 haec
2177 3303 2395 3360 omnia,

196 3387 332 3436 quae
359 3372 430 3424 de
456 3372 923 3425 revolutionibus
948 3380 1050 3426 etc.
1072 3373 1254 3438 usque
1275 3374 1350 3426 ad
1370 3390 1498 3439 pag.
1521 3373 1629 3433 120,
1656 3373 1751 3424 sed
1778 3388 1901 3424 non
1927 3372 2044 3423 fine
2070 3387 2290 3494 magml}
2314 3371 2394 3422 la-

338 3454 407 3490 32*
2295 3457 2395 3493 ore
