2678 4022
93 734 115 768 5

73 1090 115 1125 10

74 1447 116 1481 15

70 1869 117 1903 20

58 1980 116 2022 2v

71 2328 117 2362 25

58 2404 110 2446 3¹·

74 3087 119 3121 35

63 3362 116 3405 3¹*

370 291 674 344 TYCHO
701 291 823 343 AD
852 291 1029 343 IOH.
1059 291 1218 344 IAC.
1249 292 1718 345 GRYNAEUM
1746 294 1778 346 7
1806 293 1981 346 IUN.
2010 294 2156 346 1598
2310 295 2367 346 71

162 435 300 485 tutis
314 436 544 486 tramite
558 436 868 493 remittam,
885 436 1158 497 quamvis
1172 433 1322 485 mihi
1335 436 1459 486 una
1470 450 1606 486 cum
1616 438 1764 487 meis
1776 442 1941 488 extra
1953 435 2168 488 Natale
2179 435 2364 488 solum

163 507 226 556 in
239 507 559 570 peregrinis
574 507 692 556 oris
706 504 1004 569 reliquum
1017 507 1171 565 vitae,
1189 512 1363 569 prout
1378 505 1512 558 Deo
1525 506 1714 558 visum
1726 506 1917 568 fuerit,
1934 507 2369 573 tranfigendum

163 575 242 636 fit,
263 591 372 628 nec
393 578 553 628 enim
566 575 825 628 Patriam
844 574 998 628 hisce
1018 578 1235 628 terreni
1254 576 1410 641 globi
1431 577 1682 642 angustis
1702 578 1986 631 limitibus
2005 582 2232 631 metior.
2254 578 2369 631 Sed

163 647 406 712 perinde
428 648 531 699 esse
552 646 721 707 duc0‚
743 646 845 699 ubi
865 649 997 712 quis
1017 649 1081 698 in
1100 647 1279 699 huius
1296 654 1467 700 terrae
1487 648 1791 713 superficie
1812 650 1996 715 degat,
2017 650 2198 702 modo
2218 650 2369 702 bene

164 725 219 770 et
245 718 555 770 commode
582 719 767 783 degat,
797 734 907 770 nec
933 725 1138 770 contra
1164 718 1578 771 conscientiam
1605 721 1910 785 quidpiam
1940 737 2111 786 agere
2141 729 2243 774 aut
2269 722 2368 774 ad-

162 792 390 841 mittere
423 796 678 855 cogatur.
719 789 985 842 Domino
1019 790 1386 843 HENRICO
1420 790 1855 853 RANZOVIO,
1889 792 2056 844 affini
2089 799 2144 845 et
2175 796 2369 845 amico

162 876 298 912 meo
318 860 691 921 honorando,
712 861 911 913 literas
931 868 1062 913 tuas
1082 861 1322 927 praelegi
1342 865 1562 923 curavi,
1583 862 1786 926 illique
1805 878 1878 915 ex
1894 870 1949 915 te
1966 864 2211 916 salutem
2226 865 2368 924 dixi;

162 935 212 983 is
231 933 467 984 vicissim
492 939 547 984 te
573 938 950 997 peramanter
975 932 1265 992 resalutat,
1292 939 1642 998 gratumque
1670 933 1755 985 illi
1780 933 1904 995 fuit,
1932 935 2093 999 quod
2116 942 2238 988 tam
2264 936 2368 987 ho-

163 1002 407 1055 norifice
435 1003 507 1055 de
533 1003 635 1055 illo
661 1003 946 1069 scripseris
973 1011 1028 1056 et
1052 1003 1308 1056 senseris
1336 1004 1856 1058 ANTHONIUM
1878 1006 2369 1059 RANZOVIUM

163 1075 433 1127 nondum
454 1078 771 1127 convenire
791 1075 970 1136 licuit,
991 1091 1186 1140 neque
1207 1075 1355 1127 mihi
1376 1076 1609 1137 constat,
1630 1076 1733 1128 ubi
1746 1079 1796 1128 is
1810 1084 2093 1138 moretur;
2115 1094 2252 1130 cum
2270 1078 2368 1130 da-

162 1145 317 1198 bitur
337 1146 578 1207 occafin,
605 1146 745 1198 huic
771 1149 951 1198 etiarn
975 1153 1079 1199 tuo
1100 1149 1344 1199 nomine
1364 1146 1611 1199 salutem
1636 1151 1909 1200 nunciari
1930 1149 2166 1202 curabo.
2194 1149 2371 1201 Plura

162 1233 322 1270 nunc
342 1218 417 1270 ob
439 1221 898 1283 occupationum
917 1218 1139 1270 molem
1159 1218 1376 1270 addere
1396 1234 1521 1270 non
1540 1226 1727 1272 vacat.
1752 1220 1906 1272 Haec
1924 1223 2124 1285 itaque
2145 1221 2369 1285 qualia-

164 1304 398 1354 cunque
423 1289 610 1341 subito
638 1289 820 1342 effusa
844 1290 987 1342 boni
1013 1289 1299 1350 consulaS,
1328 1297 1383 1342 et
1410 1293 1732 1342 amicitiam
1757 1294 1909 1343 inter
1934 1307 2044 1343 nos
2063 1291 2242 1343 semel
2266 1308 2371 1356 per

163 1360 362 1413 literas
382 1359 742 1413 contrac‘tam
768 1360 881 1413 hac
905 1364 1084 1413 etiam
1109 1364 1355 1422 ratione,
1382 1361 1667 1426 liquidem
1687 1362 1856 1415 aliter
1874 1379 1999 1415 non
2018 1363 2206 1424 liceat,
2234 1379 2370 1415 con-

164 1431 392 1484 servare
418 1448 542 1484 non
568 1433 812 1485 desinas,
840 1433 1008 1485 Deus
1033 1439 1087 1484 te
1115 1448 1251 1485 cum
1274 1440 1396 1485 tota
1415 1433 1595 1485 domo
1615 1434 1978 1486 incolumem
1998 1434 2296 1486 conservet
2317 1441 2372 1486 et

165 1519 202 1555 a
220 1504 394 1556 malis
413 1510 662 1556 tueatur.
685 1503 999 1557 Dabantur
1018 1504 1465 1570 Wandesburgo
1487 1506 1580 1557 die
1601 1507 1651 1558 7.
1673 1505 1824 1571 Iunij
1848 1507 2013 1557 Anni
2032 1506 2118 1558 98.

1338 1599 1487 1652 Tuae
1509 1600 1710 1652 excell.
1732 1600 2014 1653 studiofiss.

1712 1671 1953 1725 TYCHo
1982 1673 2227 1756 ΒΚΑῌΕ,

1746 1759 1934 1796 manu
1954 1759 2209 1809 propria.

167 1868 242 1914 [Ex
262 1871 506 1916 apographo
528 1870 571 1906 in
591 1870 774 1907 Archivo
795 1870 925 1916 Regni
947 1870 1116 1907 Daniae:
1140 1870 1445 1916 Diplomatario
1467 1871 1738 1918 Langebekii]

169 1958 749 2032 ERNESTUS
800 1958 1307 2033 ELECTUS
1360 1959 1499 2032 ET
1549 1959 2369 2033 CONFIRMATUS

165 2062 846 2115 ARCHIEPISCOPUS
874 2062 1422 2124 COLONIENSIS,
1456 2063 1685 2116 SACRI
1715 2063 2043 2116 ROMANI
2073 2064 2370 2126 IMPERIJ

305 2146 447 2197 PER
474 2145 807 2197 ITALIAM
833 2146 1708 2199 ARCHICANCELLARIUS
1734 2147 1834 2198 ET
1858 2147 2231 2199 PRINCEPS

371 2228 747 2289 ELECTOR,
776 2229 1198 2282 EPISCOPUS
1226 2229 1708 2291 LEODIENSIS‚
1735 2230 2168 2283 PALATINUS

593 2312 864 2373 RHENI,
896 2312 1073 2364 DUX
1100 2312 1560 2376 UTRIUSQUE
1587 2313 1945 2365 BAVARIAE

166 2394 699 2456 NOBILISSIMO,
733 2396 972 2448 NOBIS
1001 2395 1591 2448 SINGULARITER
1621 2396 1970 2449 DILECTO
1999 2396 2371 2449 TYCHONI

611 2478 900 2539 BRAHE‚
929 2479 1268 2532 DOMINO
1296 2479 1404 2531 DE
1431 2479 1934 2532 KNUDSTRUP.

182 2582 209 2639 j
258 2622 276 2626 ,,
386 2582 424 2632 Γ,
467 2635 470 2637 ,
503 2576 531 2617 ’ἢ
563 2576 572 2609 7
612 2573 975 2625 LEMENTI
989 2574 1181 2626 nostra
1194 2574 1543 2626 salutatione
1557 2576 1858 2640 praemissa.
1875 2575 2370 2635 Nobilissime,s1n-

196 2696 199 2699 ,
310 2696 325 2709 ‚
342 2691 359 2701 ,
402 2653 478 2708 (ἠ
497 2645 502 2694 s
548 2644 577 2707 ’ζ
613 2645 891 2710 gulariter
910 2644 1131 2706 dilecte,
1154 2661 1303 2710 quas
1322 2645 1472 2697 mihi
1489 2646 1727 2698 Iuvenis
1745 2646 1842 2698 ille
1860 2653 2036 2698 notus
2051 2663 2087 2699 a
2100 2654 2156 2699 te
2174 2646 2371 2699 literas

181 2701 219 2782 ’.ς
276 2716 286 2759 r‘
298 2715 428 2782 [fs-,-
452 2702 573 2786 ‘jaff
614 2716 787 2777 dedit,
815 2723 869 2768 et
895 2732 1031 2781 quae
1052 2717 1123 2769 de
1144 2717 1318 2769 rebus
1338 2720 1454 2769 tuis
1474 2718 1711 2778 addidit,
1738 2718 2013 2783 singulari
2036 2718 2240 2770 laetitia
2258 2718 2372 2783 legi

181 2787 199 2840 ζ
285 2841 288 2845 ἲ
314 2753 587 2962 >Ῐ;,))3ἳῑ
615 2794 670 2840 et
702 2788 925 2840 audivi:
960 2788 1189 2840 Munus
1218 2804 1360 2840 vero
1390 2789 1764 2841 Litterarium
1796 2789 2082 2841 librorum
2114 2796 2370 2850 tuorum,

180 2858 206 2916 ,31
264 2910 288 2925 ⁷-
312 2854 385 2924 λ’,
502 2867 516 2901 l
546 2861 587 2903 “5
615 2874 782 2922 quos,
808 2866 872 2910 ut
898 2875 935 2911 a
959 2866 1015 2911 te
1042 2875 1241 2911 rerum
1266 2859 1504 2911 istarum
1529 2861 1859 2924 peritissimo
1884 2859 2190 2925 profecto&
2219 2867 2273 2912 et
2299 2861 2370 2912 de

190 2952 193 2960 Α
279 2947 296 2954 Α
318 2937 343 2943 “
359 2996 363 2999 .
380 2954 394 2961 ν
413 2922 445 2958 ·”
461 2946 478 2959 ⁴
512 2935 525 2951 ¹
541 2906 586 2964 3¹
615 2929 939 2982 coelestibus
966 2931 1080 2982 illis
1101 2930 1443 2996 corporibus
1469 2930 1796 2991 tractanteS,
1826 2947 2082 2996 quorum
2102 2931 2197 2983 vel
2215 2931 2371 2983 solus

168 2997 428 3062 aspectus
456 3000 774 3052 idiotarum
804 3002 1008 3053 oculos
1037 3002 1230 3065 pascit,
1261 3005 1514 3067 cognitio
1541 3018 1683 3054 vero
1711 3009 1765 3054 et
1790 3018 1993 3054 meum
2019 3009 2074 3054 et
2100 3005 2371 3054 omnium

168 3072 492 3134 peritorum
515 3074 749 3123 animos
774 3071 1102 3124 honestiore
1123 3073 1424 3138 voluptate
1450 3081 1732 3133 moratur,
1759 3073 1907 3125 mihi
1932 3074 2106 3138 supra
2124 3074 2371 3126 modum

168 3140 277 3192 fuit
299 3148 620 3206 acceptum.
650 3143 888 3195 Gratias
914 3159 1021 3208 pro
1042 3147 1113 3209 ijs
1132 3144 1235 3195 tibi
1256 3160 1383 3209 ago,
1412 3152 1467 3196 et
1494 3146 1654 3209 quod
1673 3143 1893 3196 factum
1913 3161 1950 3197 a
1969 3160 2064 3197 me
2085 3143 2370 3197 hactenus

169 3227 293 3263 non
313 3213 700 3278 indiligenter,
722 3229 963 3279 pergam
982 3215 1182 3267 sedulo
1202 3223 1257 3267 te
1277 3223 1498 3280 tuaque
1514 3216 1660 3268 Caes.
1677 3214 1778 3267 Mti
1798 3216 2231 3268 commendare.
2253 3217 2369 3268 De-

170 3283 390 3335 claravi
416 3283 576 3336 hunc
603 3287 788 3336 animi
808 3288 926 3336 mei
946 3285 1173 3338 sensum
1198 3286 1371 3338 latori
1391 3286 1695 3339 literarum
1715 3294 1953 3339 tuarum
1974 3294 2029 3339 et
2048 3287 2263 3339 harum
2284 3303 2369 3339 re-

170 3354 359 3407 latori.
387 3355 475 3407 Ex
502 3371 573 3407 eo
599 3356 902 3421 intelligeS,
930 3372 1066 3421 quae
1093 3358 1165 3409 de
1191 3353 1531 3425 omni-uhu&
1560 3374 1695 3423 quae
1719 3358 1857 3410 scire
1882 3359 2174 3423 cupiebaS,
2201 3359 2370 3410 illum

2259 3429 2370 3481 feci
