2618 3938
242 290 346 341 428
750 287 1443 340 ANNOTATIONES
1471 287 1939 341 EDITORUM

317 429 353 470 1.
379 428 495 478 Quo
518 426 837 481 compendio
860 430 951 470 aut
971 427 1160 482 quibus
1181 428 1368 483 medijs
1389 428 1690 482 superficies
1711 429 1870 483 plana
1890 427 2357 473 instrumentorum
2378 430 2445 473 ab

242 500 305 530 ea
326 490 490 541 parte,
520 499 624 540 qua
646 486 922 530 divisiones
942 487 1090 539 fiunt,
1119 486 1303 530 exacte
1323 490 1374 530 et
1396 488 1464 530 ad
1485 487 1725 531 amussim
1746 488 1962 543 levigari
1980 488 2143 543 possit‚
2171 492 2228 531 ut
2253 489 2447 544 ubique

242 547 469 589 eandem
481 545 841 600 aequalitatem
854 546 1066 590 habeat.
1078 546 1234 598 Quod
1246 547 1519 601 quomodo
1531 546 1584 589 in
1593 547 1802 590 circulis
1813 550 1865 590 et
1874 547 2227 591 instrumentis
2238 561 2447 603 magnae

242 605 546 659 quantitatis
566 604 682 647 fieri
702 605 864 659 possit‚
889 606 1026 660 saepe
1047 606 1270 649 miratus
1291 607 1403 648 sum
1426 609 1477 648 et
1497 606 1673 649 adhuc
1696 607 1876 650 miror.

310 665 353 706 2.
383 664 538 715 Quod
559 665 594 706 fi
616 664 803 707 unicus
825 665 1007 708 saltem
1028 665 1338 709 observator
1359 677 1454 720 per
1474 665 1782 708 Sextantem
1809 666 1942 709 duas
1969 666 2139 709 stellas
2166 666 2447 710 observare

240 723 378 774 velit,
403 736 507 777 qua
527 723 732 766 ratione
750 724 803 766 in
818 725 911 767 tali
931 725 1054 767 casu
1069 725 1260 768 visoria
1281 736 1447 779 prope
1468 725 1686 768 oculum
1707 725 2034 768 conformari
2055 725 2298 777 debeant,
2320 729 2378 769 ut
2397 730 2449 770 et

240 783 452 825 facilem
468 785 519 825 et
533 783 838 837 expeditum
853 784 1003 827 usum
1018 785 1309 838 praebeant.
1333 785 1436 838 Ego
1452 795 1559 826 non
1574 784 1757 826 dubito
1772 784 1895 826 bina
1909 784 2100 827 visoria
2114 797 2283 839 eaque
2299 789 2448 829 extra

241 845 480 884 centrum
508 841 835 886 instrumenti
861 843 959 886 esse
986 843 1362 886 constituenda.
1390 844 1625 898 Apparet
1649 845 1832 886 tamen
1858 855 1923 886 ex
1951 843 2110 887 literis
2132 844 2448 888 Rothmanni

240 902 326 944 fol.
345 901 401 943 28
416 901 725 945 sextantem
743 903 1043 958 Lantgravij
1065 903 1173 957 (qui
1193 903 1409 945 unicum
1431 902 1830 946 observatorem
1850 902 2036 946 habuit
2057 904 2285 960 quoque)
2305 904 2448 948 fuisse

238 963 446 1003 tantum
466 961 519 1002 in
539 961 738 1017 visorijs
758 962 785 1004 3
806 962 1040 1014 rimulas,
1069 962 1193 1016 quia
1215 962 1407 1005 scribit:
1437 961 1627 1005 visoria
1648 965 1831 1005 centro
1852 961 2179 1006 instrumenti
2196 963 2269 1006 ita
2290 975 2449 1018 appo-

240 1020 434 1062 suimus
456 1022 511 1062 ut
533 1021 737 1075 semper
757 1022 984 1065 eandem
1006 1021 1073 1064 ab
1094 1021 1182 1064 illo
1204 1020 1467 1064 Sextantis
1494 1023 1678 1064 centro
1705 1021 2002 1064 distantiam
2029 1022 2303 1074 retineant,
2332 1034 2449 1066 cen-

238 1082 485 1133 trumque
508 1080 713 1134 semper
738 1081 955 1135 praecise
975 1081 1027 1123 in
1047 1081 1225 1124 medio
1246 1081 1440 1124 mediae
1460 1080 1668 1123 rimulae
1689 1081 1996 1135 reperiatur.
2025 1082 2106 1124 An
2126 1081 2279 1137 igitur
2297 1082 2370 1125 ita
2391 1083 2449 1125 fit

705 1141 788 1183 vel
808 1152 932 1192 non,
961 1140 1116 1195 cupio
1139 1140 1473 1195 cognoscere,
1500 1142 1551 1183 et
1571 1152 1640 1182 an
1660 1139 1797 1183 forte
1816 1141 2043 1196 figuram
2064 1141 2116 1184 in
2135 1142 2300 1185 latere
2320 1142 2449 1197 poli-

703 1203 817 1242 tam
839 1200 1016 1255 aliquo
1037 1200 1201 1243 modo
1223 1199 1420 1243 referat
1433 1200 1517 1242 vel
1538 1199 1728 1252 minus,
1750 1200 1824 1242 ita
1843 1203 1900 1242 ut
1921 1200 2098 1243 media
2117 1201 2310 1244 rimula
2327 1201 2448 1244 utri-

703 1259 865 1313 usque
886 1259 1043 1303 stellae
1066 1259 1419 1302 observationi
1439 1258 1699 1310 inserviat,
1723 1261 1775 1302 et
1795 1259 2012 1302 dimidia
2027 1271 2151 1314 pars
2166 1260 2336 1316 visorij
2353 1272 2448 1315 per

703 1319 896 1362 fibulas
923 1320 1114 1374 angulo
1135 1319 1344 1362 vifionis
1371 1321 1423 1361 et
1448 1318 1773 1362 instrumenti
1799 1319 2095 1373 adaptetur.
2125 1319 2263 1371 Quid
2288 1319 2341 1362 in
2367 1320 2448 1363 his

704 1390 892 1421 verum
914 1379 972 1421 fit
993 1382 1085 1421 aut
1104 1390 1227 1430 non,
1246 1379 1330 1421 vel
1351 1377 1536 1432 paucis
1550 1377 1727 1421 verbis
1742 1379 1826 1421 vel
1842 1378 2025 1421 saltem
2041 1378 2309 1422 schemate
2321 1379 2375 1422 T.
2393 1380 2445 1421 E.

703 1437 938 1481 indicare
959 1438 1214 1492 dignetur,
1237 1437 1391 1481 facile
1412 1437 1554 1480 enim
1573 1437 1882 1492 percipiam.

774 1498 816 1540 3.
865 1497 1055 1541 Scribit
1091 1497 1145 1540 T.
1187 1498 1238 1540 E.
1281 1497 1543 1551 quadrata
1581 1496 2007 1551 pinnacidiorum
2046 1500 2096 1539 et
2133 1497 2448 1542 visoriorum

704 1557 933 1610 aequalia
955 1556 1173 1600 omnino
1195 1556 1293 1600 esse
1315 1560 1561 1611 oportere
1583 1559 1634 1599 et
1654 1556 1864 1608 debere,
1888 1557 2030 1611 quod
2051 1560 2108 1599 ut
2127 1557 2180 1600 in
2199 1557 2448 1601 maximis

703 1616 1055 1659 instrumentis
1087 1616 1243 1659 facile
1276 1615 1699 1667 concesserimus‚
1734 1615 1807 1658 ita
1839 1616 1893 1659 in
1924 1616 2217 1660 minoribus
2249 1617 2276 1660 3
2305 1618 2390 1660 vel
2420 1616 2448 1659 4

702 1676 901 1729 pedum
922 1687 1030 1719 non
1049 1676 1122 1718 ita
1144 1674 1390 1718 exactam
1410 1675 1653 1730 praebere
1675 1675 1974 1719 distantiam
1995 1675 2247 1720 existimo.
2272 1676 2344 1720 Ut
2361 1689 2449 1719 au-

702 1737 812 1778 tem
840 1736 964 1789 quid
990 1735 1313 1788 sequendum
1342 1735 1414 1786 fit,
1443 1734 1612 1790 magis
1639 1735 1944 1786 innotescat,
1975 1746 2247 1789 apponam
2271 1735 2449 1779 utrius-

239 1804 339 1846 que
361 1792 509 1835 modi
529 1793 817 1837 schemata.

309 1852 368 1894 In
382 1852 484 1895 hac
499 1852 669 1906 figura
683 1853 921 1896 medium
936 1854 1252 1896 rimularum
1266 1853 1545 1908 respondet
1559 1853 1811 1897 lateribus
1824 1854 2266 1909 pinnacidiorum,
2284 1867 2447 1909 quam

237 1911 660 1965 pinnacidiorum
689 1912 1131 1957 constructionem
1160 1913 1213 1955 in
1242 1913 1535 1956 minoribus
1561 1913 1915 1957 instrumentis
1943 1914 2228 1957 certiorem
2253 1914 2445 1958 iudico.

669 1973 728 2015 Et
747 1973 850 2016 hac
873 1973 1049 2016 forma
1070 1984 1167 2027 ego
1182 1972 1236 2015 in
1249 1973 1382 2015 meis
1396 1972 1536 2016 nunc
1552 1975 1688 2024 utor,
1713 1973 1836 2027 quia
1852 1973 2013 2016 trium
2026 1976 2235 2016 tantum
2250 1974 2447 2028 pedum

670 2032 797 2075 sunt.

741 2091 874 2135 Haec
901 2091 1070 2146 figura
1095 2091 1407 2146 pinnacidijs
1434 2094 1486 2134 et
1512 2091 1712 2147 visorijs
1738 2095 1954 2136 tuorum
1981 2092 2447 2136 instrumentorum

668 2152 963 2205 respondet,
979 2163 1107 2193 nam
1120 2151 1383 2205 quadrata
1396 2151 1510 2194 sunt
1521 2151 1766 2206 aequalia,
1784 2155 1836 2194 et
1850 2164 1956 2195 me-

669 2210 816 2253 dium
847 2210 1057 2254 rimulae
1090 2213 1241 2253 extra
1275 2211 1612 2265 quadratum.
1649 2211 1805 2255 Hanc
1836 2223 1958 2255 con-

669 2269 1004 2313 structionem
1047 2273 1265 2324 propter
1304 2270 1618 2313 rimularum
1662 2282 1758 2325 pro
1798 2271 1957 2314 stella-

667 2342 789 2372 rum
817 2329 1109 2383 quantitate
1130 2330 1480 2373 commodam
1501 2333 1553 2372 et
1571 2330 1755 2373 utilem
1776 2330 1958 2373 dilata-

667 2389 868 2432 tionem
886 2391 938 2432 et
955 2387 1374 2432 coarctationem
1394 2387 1593 2431 factam
1611 2389 1709 2433 esse
1727 2389 1956 2445 intelligo

669 2451 719 2490 et
738 2448 909 2491 video.
934 2449 992 2490 Et
1014 2448 1135 2491 sane
1155 2448 1439 2491 artificiosa
1460 2448 1530 2491 est
1551 2447 1881 2501 constructio,
1903 2449 1956 2492 in

668 2507 959 2550 maioribus
986 2507 1277 2561 praesertim
1296 2510 1354 2549 ut
1374 2507 1482 2550 dixi
1507 2507 1875 2560 instrumentis,
1903 2508 1956 2551 in

669 2566 858 2620 quibus
871 2566 1259 2609 semidiameter
1269 2566 1584 2609 rimularum
1597 2566 1833 2621 respectu
1844 2579 1957 2623 gra-
2078 2563 2102 2627 J:
2200 2601 2209 2622 ,
2236 2556 2277 2635 ‘J
2290 2543 2325 2608 ’ἶ
2337 2583 2347 2625 '.

669 2627 834 2668 duum
850 2625 997 2668 limbi
1011 2625 1257 2681 exiguam
1271 2626 1673 2680 proportionem
1689 2626 1866 2679 habet,
1890 2638 1953 2670 ac
2078 2650 2100 2688 ,ι
2314 2626 2325 2679 ἶ
2343 2665 2349 2672 .

669 2697 861 2739 parum
878 2685 1040 2728 refert
1055 2697 1123 2727 an
1138 2685 1254 2739 quis
1271 2697 1367 2740 per
1385 2686 1622 2728 medium
1640 2685 1955 2729 rimularum
2077 2713 2085 2750 '.
2094 2708 2105 2719 ·
2316 2710 2350 2739 02

668 2745 1095 2798 pinnacidiorum
1122 2744 1375 2788 lateribus
1399 2745 1828 2799 respondentium
1849 2745 1956 2789 stel-
2081 2747 2106 2782 ι’
2179 2732 2242 2852 {l
2317 2749 2346 2763 ¹·

668 2805 779 2846 lam
811 2804 1113 2858 conspiciat,
1147 2807 1205 2846 ut
1235 2804 1288 2846 in
1319 2804 1493 2858 prima
1524 2804 1709 2859 figura,
1743 2806 1827 2848 vel
1860 2817 1956 2860 per
2046 2786 2112 2992 U
2142 2792 2173 2826 ι
2234 2785 2371 2977 ‘VH

669 2863 906 2906 medium
939 2863 1253 2906 rimularum
1285 2875 1393 2906 non
1425 2864 1853 2918 respondentium
1885 2865 1955 2907 la-

669 2982 921 3027 dietatem
948 2982 1106 3026 stellae
1133 2982 1363 3037 conspici
1386 2994 1493 3026 non
1517 2983 1715 3027 dubito.
1745 2984 1877 3038 Ergo
1897 2987 1955 3026 ut

668 3042 738 3084 2da
758 3042 927 3097 figura
950 3042 1002 3085 in
1027 3042 1318 3085 maioribus
1344 3041 1696 3085 instrumentis
1716 3054 1954 3086 commo-

669 3101 800 3153 dior,
835 3101 907 3144 ita
939 3101 1113 3156 prima
1143 3101 1196 3144 in
1225 3101 1404 3156 parvis
1436 3100 1686 3145 exactior.
1721 3102 1824 3145 Sed
1855 3114 1952 3157 pro
2009 3103 2268 3202 Ἴ

671 3161 828 3204 stellae
855 3161 1051 3204 lumine
1071 3161 1221 3204 vario
1243 3161 1451 3203 dilatari
1476 3164 1567 3204 aut
1592 3161 1820 3205 relaxari
1846 3173 1954 3205 non

238 3220 418 3273 potest,
442 3221 585 3274 quod
600 3221 667 3263 fic
684 3220 919 3263 medium
940 3221 1255 3264 rimularum
1276 3232 1383 3263 non
1404 3220 1608 3275 semper
1627 3221 1942 3276 respondeat
1961 3219 2227 3264 lateribus.
2251 3220 2441 3272 Quaeso

238 3278 311 3320 mi
328 3279 645 3322 Nobilissime
661 3280 904 3331 Domine,
925 3283 983 3322 ut
1004 3279 1127 3334 quid
1144 3280 1467 3333 sequendum
1487 3281 1558 3331 fit,
1582 3280 1740 3334 digito
1762 3281 1944 3323 saltem
1966 3279 2222 3331 ostendas,
2245 3281 2297 3322 et
2317 3279 2442 3333 quid

561 2933 579 2969 c
667 2923 882 2966 teribus.
910 2923 969 2966 In
988 2922 1168 2977 parvis
1188 2934 1318 2966 vero
1338 2923 1691 2966 instrumentis
1711 2925 1829 2978 plus
1849 2935 1955 2967 me-

240 3337 473 3381 exactius
493 3339 545 3380 in
566 3339 669 3382 hoc
691 3340 899 3394 negotio
922 3340 994 3390 fit,
1016 3339 1229 3382 indices.
1252 3340 1468 3393 Propter
1486 3339 1606 3383 haec
1628 3339 1768 3382 enim
1787 3343 1838 3383 et
1855 3339 1957 3382 alia
1977 3338 2440 3382 instrumentorum
