2638 3970
287 282 381 333 410
820 279 1256 332 EPISTOLAE
1282 280 1952 334 ASTRONOMICAE

358 422 538 473 Filius
555 437 723 472 meus
739 420 1018 473 TYCHO
1034 422 1174 486 abijt
1189 438 1324 474 cum
1340 423 1570 487 Legatis
1584 423 1816 475 Perficis
1833 439 1936 488 per
1951 423 2197 484 Italiam,
2221 423 2484 476 Galliam

288 499 342 544 et
356 492 707 555 Hispaniam
724 492 1082 553 tranfituruS‚
1104 496 1368 545 munitus
1385 493 1544 545 salvo
1561 493 1851 546 conductu
1866 495 2255 558 Imperatoris.
2278 494 2484 547 Habes

286 563 382 614 hic
403 562 637 627 Effigies
664 563 919 614 duorum
945 567 1384 628 praecipuorum
1411 580 1482 616 ex
1506 565 1751 630 Legatis,
1781 572 1834 617 et
1855 565 2104 617 Caesaris
2130 565 2483 629 responsum.

287 773 335 818 [E
357 773 500 810 codice
520 773 754 810 Basileensi
775 774 812 810 G
833 775 848 809 1
869 773 931 819 35]

535 860 929 935 TYCHO
974 862 1355 935 BRAHE
1398 864 1555 936 AD
1599 863 2238 937 MARTINUM
2533 896 2555 930 ⁵

1136 966 1631 1019 BRASCHIUM.

552 1052 596 1091 ³³
674 1075 700 1116 ,7
750 1060 964 1112 ULLA
977 1063 1063 1113 tui
1078 1060 1374 1113 oblivione
1395 1077 1503 1113 nec
1522 1077 1659 1114 mea
1678 1061 2030 1127 negligentia
2049 1062 2271 1122 accidit,
2294 1061 2482 1113 erudi·
2502 1070 2610 1114 169r

750 1131 947 1183 tissime
975 1131 1235 1183 Domine
1263 1132 1625 1193 BRASCHI,
1654 1134 1813 1197 quod
1841 1133 1999 1198 Mag.
2023 1133 2321 1184 Dominus
2343 1127 2483 1185 GO-

433 1310 440 1317 -
519 1334 526 1341 ,
554 1324 562 1342 x
663 1289 702 1319 ³
750 1289 886 1325 meo
907 1274 982 1325 ad
1002 1281 1058 1326 te
1075 1274 1346 1338 responso
1361 1274 1734 1326 Rostochium
1747 1277 1988 1326 venerit.
2011 1275 2138 1327 Iam
2159 1277 2318 1326 enim
2337 1274 2484 1326 illud
2538 1291 2580 1326 ιο

663 1356 713 1395 *a
750 1344 1097 1397 inchoatum
1122 1352 1260 1406 erat,
1288 1345 1382 1397 sed
1403 1348 1451 1396 is
1471 1361 1607 1397 mea
1628 1348 1910 1410 opinione
1931 1348 2098 1397 citius
2119 1346 2276 1410 abijt,
2303 1352 2367 1397 ut
2385 1348 2485 1397 vix

335 1448 337 1450 -
650 1420 670 1457 ἑ
700 1441 705 1445 ·
752 1432 868 1477 eas,
897 1432 1032 1481 quae
1058 1419 1259 1481 magni
1281 1419 1568 1468 momenti
1593 1423 1774 1476 erant,
1803 1423 1857 1467 et
1882 1419 2164 1480 pecunias
2184 1431 2348 1468 meas
2368 1416 2485 1468 istic

282 1486 574 1538 haerentes
596 1487 1042 1548 concernebant‚
1065 1487 1359 1552 complere
1379 1487 1622 1546 licuerit,
1649 1488 1902 1551 ideoque
1923 1494 2198 1539 oretenus
2220 1486 2304 1538 illi
2325 1502 2483 1551 quae-

283 1558 422 1610 dam
448 1559 569 1610 dixi
594 1559 696 1610 tibi
722 1558 1089 1618 infinuanda,
1118 1574 1252 1622 quae
1281 1561 1458 1610 etiam
1484 1558 1664 1610 literis
1691 1559 1767 1610 ad
1794 1558 2126 1610 Dominum
2147 1558 2221 1609 D.
2243 1558 2483 1610 BACK-

283 1629 774 1689 MEISTERUM,
797 1644 945 1692 quas
964 1636 1091 1680 tum
1111 1645 1234 1694 prae
1254 1630 1531 1681 manibus
1551 1630 1751 1689 habui,
1774 1636 2066 1693 quatenus
2085 1636 2318 1693 tempus
2336 1629 2482 1690 tulit,
2537 1646 2579 1680 15

281 1700 569 1752 subiunxi.
598 1700 773 1752 Mitto
795 1707 995 1751 autem
1016 1715 1174 1751 nunc
1196 1716 1283 1760 ea,
1309 1716 1443 1764 quae
1464 1715 1568 1765 per
1589 1701 1888 1764 quendam
1908 1716 2181 1752 meorum
2200 1701 2272 1752 de
2292 1700 2482 1752 Astro-

282 1774 502 1822 nomiae
523 1771 758 1822 historia
779 1786 810 1822 e
833 1770 1093 1835 quodam
1117 1771 1266 1823 libro
1289 1771 1568 1835 descripta
1587 1771 1731 1824 sunt.
1760 1772 1936 1824 Plura
1962 1774 2228 1823 invenies
2251 1771 2353 1823 sub
2375 1773 2482 1823 ini·

280 1845 428 1893 tium
455 1842 846 1893 Astronomici
876 1841 1132 1894 Caesarei
1157 1842 1495 1903 APPIANI,
1526 1850 1652 1894 tum
1682 1858 1920 1907 quoque
1949 1845 2196 1895 nomina
2225 1858 2482 1907 quorun-

282 1914 419 1964 dam
438 1913 944 1973 Astronomorum‚
973 1915 1035 1964 in
1060 1916 1242 1977 priori
1267 1920 1430 1978 parte
1456 1914 1794 1966 tabularum
1820 1917 1994 1978 primi
2018 1914 2253 1966 mobilis
2274 1913 2482 1965 REIN-

282 1984 557 2045 HOLDI,
586 1985 1092 2048 quemadmodum
1118 1987 1296 2037 etiam
1322 1987 1385 2035 in
1411 1985 1659 2049 Sphaera
1686 1985 2036 2045 PEUCERL
2068 1985 2227 2049 quod
2252 1992 2371 2037 tuae
2396 1987 2482 2037 in·
2532 2002 2578 2036 20

281 2055 510 2107 dustriae
530 2055 818 2120 relinquo,
839 2054 989 2106 mihi
1010 2058 1168 2107 enim
1189 2071 1314 2107 non
1332 2056 1578 2121 suppetit
1597 2059 1783 2108 otium
1802 2056 1944 2108 talia
1964 2056 2316 2120 inquirendi.
2340 2056 2482 2108 Car-

280 2142 418 2178 men
435 2127 737 2191 quomodo
752 2126 1181 2191 disponendum
1197 2133 1251 2179 et
1265 2127 1762 2187 concinnandum,
1777 2133 1895 2179 tuae
1908 2127 2235 2179 discretioni
2248 2134 2302 2179 et
2312 2143 2483 2179 venae

280 2198 529 2250 Poeticae
556 2198 807 2250 liberum
834 2198 1123 2262 relinquo
1151 2199 1511 2263 Principium
1537 2199 1718 2263 paulo
1743 2199 1911 2250 aliter
1932 2199 2331 2251 ordinandum
2351 2213 2482 2250 cen-

279 2268 479 2330 serem,
496 2285 604 2321 nec
614 2269 770 2330 v010,
786 2276 849 2321 ut
863 2272 982 2320 mei
995 2272 1057 2321 in
1070 2272 1275 2333 primis
1290 2271 1648 2322 carminibus
1663 2269 1765 2322 fiat
1779 2270 1903 2322 ulla
1915 2272 2155 2330 menti0,
2170 2270 2266 2322 sed
2280 2273 2483 2322 omnia

282 2343 668 2392 conveniente
686 2340 967 2392 methodo
984 2356 1088 2405 per
1104 2341 1313 2392 mundi
1328 2348 1529 2392 aetates
1543 2341 1839 2392 successive
1855 2341 2220 2393 deducantur
2233 2341 2309 2393 ad
2322 2340 2482 2393 hunc
2532 2359 2577 2392 25

282 2411 577 2462 Caesarem
597 2406 616 2479 ΙΙ
635 2411 1156 2463 RUDOLPHUM
1177 2411 1532 2473 Secundum,
1553 2412 1763 2476 postea,
1785 2412 1825 2463 fi
1845 2412 1947 2463 tibi
1966 2412 2039 2464 fic
2059 2412 2359 2477 placuerit,
2380 2421 2613 2477 po-169v

279 2484 416 2533 teris
444 2484 855 2546 migrationem
883 2497 1082 2534 meam
1110 2498 1140 2533 e
1168 2482 1383 2542 Dania,
1415 2481 1620 2547 quo[d]
1653 2483 1727 2534 ad
1757 2483 1870 2534 hoc
1899 2482 2150 2535 studium
2180 2483 2254 2535 ab
2280 2483 2480 2548 Augu-

280 2552 580 2617 gustissimo
598 2553 957 2617 Imperatore
977 2552 1094 2604 huc
1115 2553 1542 2605 clementissime
1556 2560 1798 2606 vocatus
1821 2553 1938 2613 lim,
1959 2556 2163 2618 paucis
2184 2556 2480 2619 attingere,

280 2624 471 2688 sicque
491 2626 554 2674 in
576 2624 824 2676 Caesaris
844 2624 1100 2684 laudem,
1127 2623 1241 2675 hoc
1263 2627 1440 2676 etiam
1459 2628 1719 2684 nomine,
1743 2625 2075 2684 discurrere,
2099 2627 2180 2677 ita
2199 2632 2400 2677 tamen
2419 2631 2483 2677 ut

281 2698 571 2759 optimum
596 2695 766 2747 illum
792 2696 1008 2760 Regem
1032 2695 1528 2748 FRIDERICUM
1553 2696 1907 2757 Secundum,
1934 2696 2335 2748 laudatissimae
2360 2711 2480 2747 me·
2531 2714 2577 2749 30

279 2769 505 2827 moriae,
533 2769 636 2830 qui
660 2766 790 2818 haec
815 2766 1001 2818 studia
1019 2768 1082 2817 in
1101 2766 1204 2817 suo
1231 2782 1428 2831 regn0‚
1451 2766 1648 2831 quoad
1667 2770 1826 2828 vixit,
1853 2766 2168 2819 liberaliter
2192 2767 2352 2828 fovit,
2380 2766 2481 2819 sub

281 2853 399 2901 quo
413 2840 590 2889 etiarn
603 2838 1046 2902 Uraniburgum
1059 2837 1492 2890 exaedificatum
1504 2838 1594 2898 est,
1609 2854 1734 2890 non
1747 2846 2078 2903 praetereaS.
2094 2838 2154 2891 Si
2166 2838 2306 2902 quid
2318 2838 2482 2890 aliud

279 2908 560 2968 inciderit,
583 2909 654 2960 de
676 2925 795 2973 quo
809 2915 865 2960 te
878 2909 1248 2960 monendum
1262 2909 1547 2969 duxerim,
1569 2912 1632 2960 in
1653 2910 1912 2973 quadarn
1927 2909 2130 2961 charta
2144 2910 2480 2974 adiungam,

280 2995 473 3043 neque
495 2983 655 3031 enim
675 2995 834 3031 nunc
854 2987 1084 3032 tantum
1104 2979 1349 3044 suppetit
1369 2983 1665 3045 temporiS,
1692 2988 1756 3032 ut
1777 2996 2017 3033 carmen
2035 2987 2205 3032 tuum
2225 2980 2480 3045 relegere

280 3057 456 3114 atque
484 3066 691 3103 omnes
719 3051 1175 3103 circumstantias
1203 3051 1478 3115 dispicere
1504 3051 1756 3103 valeam.
1785 3052 1902 3105 Ubi
1933 3055 2152 3117 integre
2181 3061 2313 3103 tuas
2343 3066 2478 3103 con·
2529 3068 2575 3103 35

281 3124 576 3185 ceptiones
597 3123 673 3174 ad
694 3122 1089 3186 colophonem
1110 3122 1438 3183 deduxeriS,
1466 3126 1627 3175 mitte
1648 3122 1797 3174 mihi
1818 3122 2134 3187 exemplar,
2159 3129 2480 3186 antequam

281 3195 709 3255 imprimantur,
738 3200 792 3245 et
812 3194 852 3245 fi
871 3193 1123 3245 liberum
1149 3193 1471 3258 reliqueris,
1499 3210 1696 3246 meam
1722 3196 2095 3259 interponere
2118 3193 2478 3254 sententiam,

279 3265 533 3327 ingenue
551 3265 610 3316 id
626 3264 857 3324 faciam,
880 3264 1152 3329 daboque
1172 3264 1367 3328 postea
1385 3280 1644 3329 operam,
1667 3272 1957 3329 quantum
1970 3267 2033 3317 in
2046 3279 2143 3316 me
2158 3264 2249 3326 est,
2270 3271 2334 3316 ut
2348 3264 2477 3317 Cae-

279 3333 443 3385 sarea
472 3335 606 3386 Mtas
635 3335 939 3387 liberalem
965 3336 1199 3387 vicissim
1230 3351 1365 3401 erga
1393 3343 1449 3388 te
1479 3336 1796 3388 clementer
1823 3334 2145 3400 praebe[at].
2175 3335 2351 3387 Plura
2380 3335 2478 3387 ad-

2261 3407 2477 3466 derem,
