2678 4022
120 1082 162 1117 10

120 1439 161 1473 15

114 1794 161 1828 20

114 2150 161 2184 25

115 2860 160 2895 35

302 284 496 337 GEO.
526 283 1216 336 ROLLENHAGIUS
1243 284 1365 334 AD
1391 283 1898 336 TYCHONEM
1926 283 2103 334 APR.
2132 284 2278 336 1598
2350 285 2407 335 51

211 442 331 491 quo
357 432 476 478 tuae
502 425 576 477 ab
603 424 1037 489 Hamburgenfi
1062 424 1210 476 mihi
1236 425 1629 477 reddebantur
1655 426 1726 477 de
1754 425 1991 477 confilio
2016 441 2151 477 cum
2175 425 2407 477 Caesare

212 496 631 549 contrahendae
658 498 899 554 notitiae,
927 495 1113 560 Praga
1138 495 1402 547 reversus
1426 496 1500 547 est
1523 500 1777 548 nuncius
1796 512 1982 556 meuS,
2010 496 2290 560 aliudque
2312 512 2406 547 ex-

211 567 438 633 emplar
457 566 782 619 earundem
802 566 1238 618 calumniarum
1263 566 1474 627 secum,
1502 573 1566 618 ut
1590 567 1796 632 scripto
1817 568 1891 620 ab
1912 567 2091 619 affine
2111 583 2247 618 meo
2267 569 2407 631 peti-

211 654 392 699 eram,
407 638 613 690 attulit.
627 637 804 701 Quod
818 637 859 688 fi
871 638 1110 697 vidisseS,
1125 636 1253 688 fieri
1267 653 1391 689 non
1403 639 1553 701 posse
1568 639 1831 699 arbitror,
1844 642 1989 703 quin
2003 638 2267 703 aliquam
2282 640 2408 689 eius

210 713 273 761 in
292 709 472 761 literis
493 709 568 761 ad
588 724 684 760 me
703 711 818 760 tuis
837 710 1203 760 mentionem
1221 708 1449 760 fecisses,
1481 709 1573 760 Sic
1592 725 1695 773 per
1715 725 1810 762 me
1831 710 2132 774 exemplar
2150 712 2409 774 primum

211 782 441 845 accipiS.
473 779 690 843 Quaeso
719 779 1018 831 considera
1046 779 1265 844 infigne
1295 780 1634 844 exemplum
1663 781 1900 846 Regulae
1931 781 2359 840 Ciceronianae,
2388 775 2408 847 ΙΙ

146 871 167 888 v
212 867 366 912 eum,
395 853 497 915 qui
522 851 699 902 semel
718 851 1092 902 verecundiae
1112 850 1262 902 fines
1280 851 1644 916 transgressus
1663 851 1742 911 fit,
1768 852 1918 903 bene
1940 858 1995 903 et
2013 855 2277 917 gnaviter
2303 854 2408 902 im-

209 922 530 987 pudentem
551 923 654 974 esse
675 928 962 986 oportere,
984 937 1179 986 neque
1195 928 1397 973 tamen
1413 929 1724 986 propterea
1739 923 2166 975 SOCRATEM
2181 922 2409 974 afinum

209 994 265 1046 se
286 993 610 1046 calcantem
627 994 703 1045 ad
719 994 941 1045 iudices
961 994 1199 1053 traxisse,
1220 1009 1414 1057 neque
1429 993 1972 1045 ARISTOPHANI
1987 994 2216 1059 publice
2231 993 2333 1058 ipfi
2347 996 2409 1044 in

210 1081 277 1117 os
296 1065 669 1117 maledicenti
688 1062 1000 1116 maledicta
1018 1065 1298 1129 regessisse.
1320 1065 1459 1129 Legi
1472 1080 1580 1128 pro
1595 1064 1707 1116 hac
1720 1080 1856 1117 mea
1870 1071 2041 1117 aetate
2053 1064 2241 1116 multa
2255 1071 2408 1116 vete-

209 1151 344 1188 rum
364 1143 419 1188 et
439 1138 764 1187 recentium
783 1135 1277 1199 Philosophorum
1297 1138 1635 1195 certamina,
1664 1138 1841 1188 etiam
1861 1136 1932 1187 de
1954 1136 2127 1188 rebus
2148 1138 2408 1187 maxime

209 1210 359 1259 inter
372 1207 524 1272 ipsos
539 1206 937 1267 controverIiS,
955 1222 1267 1271 nunquam
1279 1222 1422 1258 vero
1436 1207 1709 1271 scriptum
1723 1207 2080 1268 insolentiuS‚
2102 1207 2407 1270 impuden-

209 1281 341 1339 tiuS‚
374 1278 534 1343 quod
565 1278 729 1330 haud
761 1278 936 1330 dubie
969 1294 1093 1329 non
1124 1294 1337 1342 parum
1366 1286 1421 1329 te
1450 1278 1710 1339 irritabit,
1744 1284 1807 1329 ut
1838 1278 1974 1330 sane
2005 1281 2409 1330 contentiones

210 1349 502 1415 dignitatis
528 1349 658 1401 sunt
683 1352 1003 1401 acerrimae.
1032 1349 1146 1401 Sed
1172 1350 1314 1414 quid
1338 1348 1553 1401 facies?
1579 1349 1715 1401 Hoc
1741 1349 1855 1401 scio
1881 1347 2156 1414 profectO,
2184 1349 2344 1413 quod
2369 1348 2410 1399 fi

211 1436 348 1472 cum
372 1421 615 1472 stercore
642 1427 815 1481 cert0,
842 1423 1016 1472 vinco
1042 1420 1138 1472 vel
1162 1423 1383 1481 vincor,
1410 1420 1635 1484 semper
1662 1436 1768 1485 ego
1794 1420 2078 1472 maculor.
2106 1421 2187 1472 Ut
2211 1422 2409 1483 itaque

209 1492 469 1557 generofi
484 1494 621 1556 equi
635 1507 852 1544 canum
865 1491 1109 1544 latratus
1123 1507 1247 1543 non
1260 1492 1597 1544 relatrando
1612 1498 1668 1543 et
1679 1492 2024 1551 mordend0‚
2039 1491 2135 1543 sed
2149 1491 2410 1543 animose

209 1563 621 1627 praetereundo
651 1563 1021 1623 ulciscuntur,
1052 1566 1133 1615 ita
1160 1563 1486 1628 prudentiss.
1515 1566 1735 1627 quique
1762 1563 2141 1615 Eruditorum
2169 1562 2409 1614 maledi-

210 1635 552 1686 centissimos
573 1634 956 1686 oblatratores
975 1634 1199 1686 silentio
1220 1634 1327 1686 ulti
1346 1634 1491 1686 sunt.
1514 1635 1584 1686 Et
1599 1634 1732 1686 licet
1745 1634 1809 1685 hi
1821 1634 1955 1686 suos
1968 1636 2271 1685 invenient
2284 1633 2408 1684 sub-

209 1706 346 1757 inde
361 1705 781 1770 approbatores
794 1705 995 1769 (stultis
1011 1708 1170 1757 enim
1180 1705 1348 1757 stulta
1360 1706 1607 1770 placent,
1621 1712 1676 1757 et
1686 1706 1943 1770 gaudent
1953 1705 2109 1757 aulae
2120 1703 2408 1767 monstris)

209 1783 409 1828 tamen
429 1777 620 1828 dicere
640 1776 790 1841 ipsas
811 1776 1181 1828 adversitates
1201 1776 1390 1828 lubet.
1411 1818 1422 1828 .
1444 1818 1455 1828 .
1475 1778 1668 1829 decuS.
1689 1776 1969 1828 Taedebat
1988 1792 2084 1828 me
2106 1776 2409 1840 quondam

209 1850 272 1899 in
292 1847 613 1899 Berlinenfi
632 1848 772 1900 aula
793 1848 1088 1900 dominari
1107 1847 1721 1900 TORNEISSERUM
1746 1847 2054 1899 hominem
2072 1847 2409 1899 illiteratissi-

208 1935 392 1980 mum,
422 1935 532 1971 nos
557 1934 700 1971 vero
727 1922 882 1971 cives
911 1921 975 1970 in
1001 1919 1182 1970 literis
1209 1919 1486 1971 educatos
1515 1925 1580 1971 ut
1608 1919 1848 1971 umbras
1874 1921 2188 1979 contemni,
2219 1919 2408 1981 deque

210 1990 556 2055 consignatis
576 1990 802 2054 aliquot
820 1989 1298 2055 problematibuS‚
1318 1990 1594 2043 volebam
1612 1990 1894 2054 praesente
1915 1990 2228 2041 Illustrissmo
2249 1989 2407 2040 Elec-

209 2068 334 2113 tore
354 2061 450 2113 vel
470 2061 828 2114 Germanice
852 2077 989 2113 cum
1012 2061 1135 2126 ipso
1163 2061 1443 2113 conferre.
1472 2062 1694 2114 Utebar
1714 2062 1790 2113 ad
1810 2077 1944 2113 eam
1964 2076 2090 2113 rem
2110 2059 2407 2112 LEVINO

210 2148 247 2184 a
261 2132 688 2198 Schullenburg
707 2132 899 2184 nostro
917 2132 1181 2184 Decan0.
1204 2133 1456 2198 Legebat
1474 2148 1639 2184 meas
1660 2132 2008 2196 quaestiones
2026 2130 2268 2191 Elector,
2289 2146 2408 2182 me-

210 2219 325 2268 que
356 2206 644 2268 patienter
672 2203 964 2256 audiebat.
994 2203 1264 2255 Tandem
1293 2204 1519 2256 dicebat
1547 2203 1868 2268 intelligere
1898 2203 1953 2255 se
1984 2206 2110 2255 eius
2141 2205 2407 2267 ineptiaS,

145 2294 161 2312 r
210 2290 404 2339 neque
431 2277 751 2339 quicquam
776 2275 849 2327 ab
877 2290 948 2326 eo
974 2274 1389 2327 medicamenti
1412 2270 1433 2343 ΙΙ
1456 2278 1735 2340 accipere.
1767 2275 1920 2327 Was
1936 2273 2234 2340 schadets
2259 2273 2413 2326 aber

210 2346 326 2398 das
345 2346 458 2398 der
467 2344 716 2413 Kayser
729 2345 831 2399 ein
848 2346 1244 2412 Elephanten
1263 2345 1442 2398 batt?
1459 2346 1664 2410 Itaque
1683 2361 1779 2397 me
1800 2346 1876 2398 ad
1897 2361 2127 2397 eaenam
2146 2346 2290 2396 iussit
2309 2345 2407 2396 ad-

210 2418 331 2476 esse,
364 2417 522 2469 dedit
553 2432 791 2481 quoque
822 2419 1062 2470 veniam
1092 2419 1368 2481 privatim
1400 2433 1537 2469 cum
1568 2417 2106 2469 TORNEISSERO
2141 2415 2408 2480 postridie

210 2488 601 2552 colloquendi,
628 2488 724 2540 sed
749 2492 799 2540 is
823 2488 973 2540 mihi
992 2504 1304 2553 nunquam
1326 2495 1448 2540 erat
1468 2489 1645 2541 domi.
1674 2488 1767 2540 Sic
1788 2488 1962 2540 didici
1981 2494 2285 2552 magnates
2305 2503 2407 2538 no-

207 2559 348 2610 stros
377 2575 501 2611 non
529 2566 651 2612 tam
681 2575 947 2624 quaerere
975 2563 1283 2612 veritatem
1312 2575 1495 2624 quam
1524 2562 1876 2624 opinionum
1904 2574 2203 2624 pompam.
2232 2558 2409 2621 Quod

208 2630 531 2682 monstrum
556 2631 754 2695 plures
780 2630 958 2683 habet
982 2628 1345 2695 spedtatoreS,
1374 2647 1555 2695 quam
1581 2634 1840 2696 genuina
1860 2645 2175 2695 corporum
2200 2629 2407 2680 forma.

209 2701 302 2753 Sic
322 2701 560 2754 fortassis
579 2704 643 2753 in
661 2701 765 2753 illa
785 2718 1024 2766 quoque
1050 2702 1208 2762 aula,
1236 2702 1307 2753 de
1335 2718 1454 2766 qua
1479 2702 1691 2762 scribiS‚
1718 2701 1814 2754 hic
1835 2701 2094 2754 SIMON
2116 2700 2409 2752 MAGUS

209 2772 672 2836 imprudentium
698 2776 931 2825 animos
957 2774 1331 2833 dementavit,
1358 2780 1422 2825 ut
1448 2773 1802 2825 existimetur
1822 2774 1924 2824 esse
1945 2772 2169 2836 aliquid
2191 2774 2407 2836 magni.

211 2843 413 2907 Quare
433 2844 750 2908 prudenter
769 2844 828 2896 id
847 2844 1092 2908 periculi
1110 2844 1460 2896 tentandum
1480 2844 1570 2896 est.
1593 2844 1760 2896 Alias
1776 2842 2142 2896 Colonienfis
2159 2842 2257 2893 ille
2271 2857 2408 2893 vere

209 2914 468 2978 generofi
489 2914 563 2966 est
582 2917 768 2967 animi
789 2922 843 2967 et
862 2915 1095 2980 prorsus
1115 2915 1351 2980 politici,
1373 2918 1475 2980 qui
1490 2918 1700 2979 quaerit
1713 2917 1940 2979 imperij
1957 2929 2181 2978 pacem,
2204 2920 2259 2965 et
2278 2913 2407 2964 illu-

209 2985 314 3036 stre
344 2985 503 3048 apud
530 2985 919 3049 posteritatem
948 3002 1187 3045 nomen,
1220 3002 1329 3038 nec
1358 2986 1602 3047 dubiteS,
1637 2989 1782 3050 quin
1813 2985 1983 3037 facile
2017 3000 2155 3036 eum
2186 2983 2408 3036 habeas

210 3058 491 3116 amicum;
517 3056 612 3108 sed
632 3073 712 3108 an
731 3057 952 3118 utilem,
978 3057 1113 3109 ideo
1133 3060 1422 3109 incertum
1443 3057 1533 3118 est,
1562 3058 1721 3122 quod
1746 3057 2078 3121 longissimis
2104 3055 2407 3107 itineribus

211 3132 266 3178 et
278 3126 519 3178 summis
534 3127 767 3192 Imperij
791 3130 1037 3193 negotijs
1059 3128 1134 3180 est
1155 3129 1631 3193 occupatissimuS.
1654 3128 1722 3179 In
1742 3127 1881 3179 aula
1901 3127 2021 3191 ipsa
2042 3130 2143 3191 qui
2163 3129 2284 3178 iam
2304 3126 2409 3177 fint

210 3197 578 3262 politioribus
589 3198 769 3250 literis
779 3200 1004 3259 imbuti,
1019 3202 1243 3264 ignoro,
1260 3199 1403 3251 olim
1416 3199 1676 3251 CRATO
1690 3206 1744 3250 et
1756 3199 2053 3250 Dominus
2066 3196 2407 3250 CURTIUS

210 3268 396 3319 Mufis
426 3268 630 3320 nostris
659 3269 885 3321 aditum
913 3269 1279 3322 liberrimum
1308 3271 1383 3322 ad
1411 3270 1703 3322 summam
1732 3269 2099 3321 Maiestatem
2128 3268 2405 3320 concede-

209 3340 366 3391 bant.
387 3339 458 3400 Is,
481 3342 582 3403 qui
599 3355 798 3391 rerum
813 3340 1058 3392 summae
1074 3341 1292 3404 praeest,
1314 3348 1475 3393 amat
1490 3340 1870 3399 mathemata,
1894 3347 1947 3391 et
1961 3340 2212 3391 Vulcani
2228 3338 2405 3390 offici-

352 3420 397 3456 7.
2248 3425 2405 3468 nam,
