2638 3970
370 317 675 370 TYCHO
702 318 824 369 AD
852 317 1115 370 MART.
1145 318 1670 371 BRASCHIUM
1698 317 1832 384 4l14
1858 321 2034 372 APR.
2064 321 2198 372 1601
2305 321 2384 371 411

185 459 401 519 derem,
428 458 608 510 modo
635 458 770 510 aliae
796 458 1296 523 interpellationes
1323 459 1560 524 aliaque
1587 464 1821 526 negotia
1841 462 1898 513 id
1919 468 2272 526 paterentur.
2294 461 2387 513 Tu

184 532 397 594 itaque,
419 532 502 581 mi
522 532 741 595 optime
762 529 1126 590 BRASCHI,
1153 529 1364 582 rectius
1386 546 1568 594 quam
1588 547 1778 596 nuper
1798 532 1946 593 vale,
1970 539 2023 584 et
2043 532 2382 598 plenio[res]

182 616 286 665 per
299 600 608 652 meliorem
623 603 1080 666 oportunitatem
1095 617 1132 653 a
1145 616 1240 652 me
1256 600 1512 666 expecta.
1529 602 1841 654 Dabantur
1856 604 2056 669 Pragae
2072 620 2144 655 ex
2159 604 2385 656 aedibus

183 671 327 723 olim
349 671 615 732 Caesaris,
636 687 796 723 nunc
817 687 975 724 novo
997 672 1374 737 Uraniburgo
1397 672 1670 725 Caesareo
1692 674 1746 724 14
1767 674 1988 737 Aprilis
2008 676 2189 727 Anno
2210 675 2342 727 1601.
2365 670 2385 743 ΙΙ

56 893 163 936 170r
182 884 561 937 HISTORIA
582 884 1068 938 ILLUSTRIUM
1088 884 1782 938 ASTRONOMORUM
1809 886 2006 938 INDE
2027 887 2082 938 A
2104 887 2385 939 MUNDI

482 967 842 1020 EXORDIO
869 967 986 1019 AD
1014 967 1408 1020 NOSTRUM
1434 968 1699 1020 AEVUM
1726 968 2088 1022 HEROICO

810 1049 1182 1102 CARMINE
1211 1050 1761 1103 CONCINNATA.

327 1144 444 1196 ΟΝ
464 1145 653 1208 placet
673 1147 736 1196 in
755 1147 948 1209 primo
969 1148 1228 1197 carmine
1248 1144 1548 1212 radioque
1561 1148 1873 1212 potenteS,
1901 1162 2042 1198 nam
2068 1146 2201 1198 licet
2227 1147 2386 1211 apud

104 1220 132 1263 †
185 1146 319 1268 N
343 1215 773 1268 VIRGILIUM
788 1215 851 1267 fit
864 1214 1194 1283 Descripsit
1212 1215 1402 1278 radio,
1423 1223 1626 1268 tamen
1642 1216 1756 1268 hoc
1770 1218 2016 1269 verbum
2031 1217 2248 1270 radius
2261 1233 2386 1270 non

90 1304 132 1339 10
180 1285 358 1338 habet
383 1286 480 1338 hic
501 1286 806 1351 emphasin
826 1290 888 1338 in
908 1287 1030 1352 ipso
1051 1290 1329 1339 carminis
1349 1287 1723 1352 frontispici0‚
1750 1288 1845 1340 sed
1871 1291 2066 1352 potius
2087 1288 2304 1340 alicubi
2323 1291 2386 1340 in

179 1358 393 1410 medio.
414 1358 659 1410 Videtur
680 1360 859 1410 etiam
878 1361 1233 1423 principium
1252 1361 1429 1410 nimis
1450 1358 1693 1419 humile,
1716 1375 1900 1423 quare
1920 1359 1993 1411 fic
2012 1359 2276 1411 mallem:

392 1439 693 1494 Artifices
705 1438 988 1507 summos
1007 1440 1244 1494 Divina
1255 1440 1522 1508 scientia
1544 1440 1690 1494 coeli

396 1511 568 1576 Quos
589 1512 873 1566 celebres
887 1512 1126 1580 genuit,
1150 1527 1414 1580 quaeque
1432 1512 1825 1565 incrementa
1845 1511 2143 1578 Mathesis

392 1580 586 1636 Dodta
605 1582 837 1645 habuit,
859 1583 1245 1651 pedetentim
1266 1583 1490 1637 Mundi
1508 1584 1586 1636 ab
1607 1583 1854 1651 origine
1867 1584 2077 1651 prima

89 1670 131 1705 15
392 1655 678 1708 AEtatem
698 1653 763 1706 in
790 1652 1071 1720 nostram,
1095 1655 1290 1708 certis
1310 1656 1618 1709 deducere
1638 1652 1809 1720 fastis

392 1726 582 1778 Mens
602 1727 774 1778 amet
790 1728 855 1778 et
872 1725 1119 1792 clausos
1138 1725 1466 1779 Heliconis
1483 1725 1646 1779 inire
1665 1724 1946 1790 recessuS,

391 1796 677 1849 Arduum
699 1810 873 1863 opus,
896 1800 1083 1864 atque
1103 1796 1247 1864 alijs
1266 1812 1375 1851 res
1393 1796 1702 1851 intentata
1723 1796 1950 1859 Po‘e‘tiS,

392 1868 525 1920 Res
538 1865 825 1934 preciosa
844 1867 995 1921 Iicet
1013 1871 1077 1921 et
1092 1866 1284 1934 Musis
1304 1868 1495 1936 digna
1517 1867 1770 1921 canoris
1791 1875 1894 1920 etc.

177 1949 273 2001 vel
292 1952 354 2002 in
376 1950 628 2003 eandem
647 1950 831 2002 ferme
851 1950 1196 2003 sententiam
1220 1967 1325 2016 per
1347 1951 1594 2016 teipsum
1619 1951 1849 2003 melius
1879 1951 2030 2003 Haec
2056 1951 2258 2003 saltem
2284 1951 2382 2004 ad-

84 2036 130 2070 20
178 2023 523 2073 monitionis
544 2022 717 2074 causa
737 2023 1015 2087 assignare
1035 2022 1241 2082 lubuit,
1262 2029 1438 2087 prout
1457 2025 1700 2075 nuncin
1718 2023 1966 2074 buccam
1985 2028 2290 2074 venerunt.

248 2092 449 2144 Postea
474 2092 705 2153 inferre,
734 2109 837 2145 cur
862 2093 976 2145 hoc
1003 2096 1199 2158 potius
1218 2094 1655 2159 Argumentum
1675 2096 2008 2158 arripueris,
2034 2109 2216 2158 quam
2236 2093 2384 2145 alias

177 2178 270 2215 res
290 2163 545 2216 ludicras
564 2163 744 2216 huius
763 2164 1056 2216 inferioris
1076 2164 1264 2217 scenae
1284 2165 1626 2226 mundanae,
1648 2164 1853 2229 quales
1874 2164 2003 2216 sunt
2021 2164 2192 2224 bella,
2208 2163 2382 2216 vicio-

177 2237 299 2295 riae,
320 2235 622 2299 triumphi,
644 2251 893 2295 amoreS‚
916 2235 1211 2297 Bucolica,
1234 2243 1289 2288 et
1308 2236 1515 2288 fimilia
1536 2252 1572 2287 a
1591 2236 1884 2300 prioribus
1904 2236 2095 2287 Poetis
2115 2235 2266 2300 saepe
2288 2236 2382 2287 de-

178 2312 428 2366 cantata,
458 2306 554 2358 sed
582 2309 778 2371 potius
806 2306 1077 2359 sublimia
1104 2307 1209 2359 illa
1237 2314 1291 2359 et
1320 2307 1737 2372 praestantiora,
1769 2322 1904 2371 quae
1930 2309 2109 2371 variJ's
2139 2305 2381 2358 fluctua-

52 2384 164 2427 170v
177 2377 437 2429 tionibus
458 2384 512 2429 et
531 2380 778 2430 vanitati
796 2393 920 2429 non
940 2381 1021 2430 ita
1040 2377 1170 2430 sunt
1190 2378 1466 2439 obnoxia,
1489 2393 1743 2443 quaeque
1758 2381 1822 2429 in
1834 2384 1998 2430 tanto
2015 2384 2232 2430 coetera
2247 2373 2267 2446 ΙΙ
2282 2378 2384 2430 illa

178 2448 455 2513 dignitate
489 2448 862 2509 antecellunt,
897 2455 1186 2513 quantum
1220 2450 1442 2502 arduus
1472 2449 1658 2501 aether
1686 2449 1924 2501 declivis
1954 2456 2124 2500 terrae
2154 2448 2384 2513 superat

177 2518 325 2571 loca.

248 2590 388 2642 Huc
408 2590 658 2643 addatur
678 2593 975 2643 invocatio
991 2592 1066 2644 ad
1080 2607 1289 2644 verum
1303 2592 1563 2651 DEUM,
1585 2593 1762 2643 totius
1778 2591 1913 2644 coeli
1928 2598 1982 2643 et
1997 2590 2382 2643 universitatis

178 2668 518 2721 creatorem,
541 2678 664 2715 non
685 2662 959 2714 Deastros
978 2662 1111 2714 licet
1130 2661 1376 2724 fictitios,
1398 2679 1548 2727 quos
1568 2662 1810 2727 gentiles
1830 2663 2026 2714 Poetae
2047 2662 2381 2726 implorant,

82 2744 164 2787 30-1-
179 2738 234 2784 et
247 2733 487 2784 tandem
501 2736 762 2785 narratio
778 2734 1088 2786 exordium
1102 2734 1319 2786 habeat
1333 2735 1406 2786 ab
1422 2737 1509 2800 ijs,
1523 2749 1658 2798 quae
1674 2749 1711 2785 a
1725 2734 1973 2786 MOISE
1987 2736 2178 2798 primo
2195 2736 2381 2797 capite

179 2803 478 2855 Geneseos
489 2804 560 2856 de
573 2805 707 2856 coeli
720 2811 775 2856 et
785 2804 1037 2857 fiderum
1046 2808 1341 2858 creatione
1353 2805 1703 2857 referuntur.
1714 2805 1946 2856 Deinde
1956 2820 2028 2856 ex
2037 2803 2379 2856 IOSEPHO

177 2876 594 2938 antiquitatum
610 2875 985 2928 Iudaicarum
998 2876 1287 2941 scriptore,
1305 2877 1464 2941 quod
1472 2876 1719 2928 ADAM
1736 2876 1997 2928 docuerit
2010 2875 2143 2926 suos
2158 2874 2312 2926 filios
2327 2881 2382 2926 et

177 2952 421 3010 nepotes
441 2945 745 2998 Astrorum
770 2946 1086 3007 scientiam,
1116 2954 1170 2999 et
1196 2948 1427 2999 duabus
1455 2947 1747 2999 columnis
1771 2949 2032 2998 excitatis
2052 2949 2115 2997 in
2135 2945 2287 2998 Siria
2307 2946 2380 2998 ab

176 3015 396 3081 ijsdem,
425 3016 571 3068 etde
592 3016 852 3077 NOAH,
881 3033 1060 3082 quem
1079 3018 1430 3071 BEROSUS
1456 3021 1537 3070 ait
1563 3018 1765 3082 aliqua
1793 3020 1969 3069 etiam
1998 3033 2069 3068 ex
2092 3023 2256 3080 parte
2277 3016 2379 3068 Di-

82 3100 129 3134 35
177 3086 408 3139 luvium
421 3088 738 3152 praevidisse
754 3104 827 3140 ex
840 3088 1143 3141 Astrorum
1158 3089 1540 3153 dispositione,
1558 3096 1612 3140 et
1627 3089 1698 3141 de
1713 3087 2200 3148 ABRAHAMO,
2221 3087 2380 3151 quod

176 3157 411 3223 infignis
431 3158 820 3210 Astronomus
846 3166 901 3211 et
927 3159 1252 3212 Geometra
1276 3160 1465 3219 fuerit,
1493 3166 1669 3224 atque
1697 3166 1849 3211 artes
1871 3159 2177 3224 AEgyptios
2203 3159 2378 3210 docu-

178 3231 301 3289 erit,
329 3229 607 3293 quodque
635 3245 708 3281 ex
732 3231 820 3294 ijs,
848 3246 983 3294 quae
1011 3233 1164 3282 cirea
1184 3231 1398 3291 Solem,
1427 3232 1660 3282 Lunam
1681 3236 1736 3282 et
1756 3230 1976 3289 Sidera,
2004 3229 2298 3293 terrasque
2326 3236 2381 3281 et

177 3302 368 3352 maria
388 3307 689 3365 apparent,
712 3304 1048 3366 cognoverit
1067 3317 1257 3353 unum
1276 3302 1478 3354 saltem
1500 3303 1603 3353 esse
1621 3301 1862 3353 DEUM
1877 3301 2020 3353 boni
2034 3307 2302 3352 autorem
2317 3303 2379 3352 in

178 3370 426 3431 Natura,
455 3371 614 3436 quod
641 3369 951 3436 praedic'tus
977 3372 1154 3425 habet
1173 3372 1579 3433 IOSEPHUS‚
1607 3379 1662 3424 et
1689 3372 1848 3436 quod
1868 3372 2154 3423 ABRAM
2182 3371 2377 3494 a112ptel-

320 3452 389 3489 52·
2248 3458 2284 3494 a
2308 3458 2378 3494 us
