2652 4022
103 1012 184 1056 51¹

125 1091 168 1127 10

125 1448 166 1482 15

121 1803 167 1838 20

121 2160 167 2195 25

122 2871 167 2906 35

123 3225 169 3260 40

288 290 591 344 TYCHO
618 292 740 344 AD
767 290 944 345 IOH.
975 290 1049 345 G.
1077 290 1656 347 HERWARTUM
1682 291 1845 362 21231
1871 294 2061 350 DEC.
2090 296 2236 350 1599
2314 296 2419 351 225

217 435 635 486 centricitatem
654 436 713 494 Ε)
731 434 1249 494 verificaverimus,
1270 442 1447 500 atque
1462 437 1621 488 unde
1638 436 1768 490 haec
1782 438 2077 491 minutula
2091 439 2420 492 differentia

217 507 279 556 in
299 504 490 556 nostra
509 507 922 557 numeratione
943 508 1093 557 inter
1114 506 1354 569 quaefita
1367 508 1532 558 Anni
1549 509 1675 559 1583
1695 516 1749 560 et
1766 509 2022 561 aliorum
2042 511 2419 574 quorundam

216 575 411 640 postea
420 575 893 640 subsequentium
904 576 1207 641 irrepserit,
1221 592 1296 629 en
1307 576 1490 630 habes
1499 578 2081 644 Progymnasmatum
2093 582 2421 634 nostrorum

217 647 288 698 de
299 646 675 699 Astronomia
688 647 1005 699 instaurata
1015 647 1273 699 Tomum
1288 651 1562 713 primum,
1578 658 1871 714 quatenus
1883 668 2082 704 rerum
2093 653 2420 705 nostrarum

216 720 398 769 variae
431 717 909 770 conturbationes
939 726 994 770 et
1022 720 1430 771 vicissitudines
1463 735 1602 772 eum
1632 720 1916 774 hacienus
1945 726 2095 788 typis
2125 725 2419 789 complere

215 788 617 853 permiserunt.
640 789 822 853 Quali
834 789 1033 841 Titulo
1054 793 1117 841 in
1137 790 1438 855 publicum
1458 792 1638 853 brevi,
1659 792 1892 844 favente
1908 795 2121 846 coelesti
2136 796 2418 856 Numine,

217 859 585 920 emittenduS,
599 868 654 913 et
666 876 802 925 quae
814 863 876 912 in
889 861 1099 913 eodem
1112 861 1558 926 superaddenda
1571 863 1796 924 restant,
1811 868 2003 928 prima
2018 866 2421 931 circumposita

216 930 420 983 charta
439 931 781 983 manifestat.
807 932 930 984 Illic
951 947 1076 997 cap.
1096 932 1284 985 statim
1303 936 1496 998 primo
1517 933 1647 986 haec
1668 935 1888 987 Solaris
1910 938 2183 989 curriculi
2203 938 2419 989 restitu-

215 1005 438 1054 tionem
466 1006 882 1055 concernentia
907 998 928 1071 ΙΙ
954 1003 1182 1056 affatim
1209 1006 1542 1069 expediunt.
1572 1005 1726 1068 Quae
1753 1006 1824 1057 de
1853 1009 1893 1068 c(
1923 1009 2262 1071 appendicis
2287 1009 2419 1060 loco

217 1073 410 1125 eidem
434 1072 842 1135 subnectenda,
868 1074 972 1126 suo
998 1082 1262 1139 tempore
1285 1076 1526 1128 videbis
1555 1076 1894 1129 Secundum
1920 1088 2095 1142 caput
2120 1079 2419 1131 restitutio·

215 1159 354 1196 nem
384 1143 702 1198 affixarum
723 1145 1038 1198 Stellarum
1064 1148 1544 1199 accuratissimam
1567 1148 1832 1212 usquein
1853 1147 2128 1202 ociavum
2149 1158 2419 1203 centena-

215 1218 370 1267 rium
390 1216 527 1268 inde
548 1217 622 1268 ab
642 1216 765 1281 ipso
786 1217 1175 1270 fundamento
1203 1221 1432 1280 extruit,
1459 1220 1818 1284 tandemque
1843 1225 2125 1272 canonice
2148 1222 2419 1274 recenset.

216 1286 448 1350 Quibus
467 1287 664 1351 postea
684 1303 801 1348 eaS,
823 1304 959 1353 quae
980 1289 1394 1351 desiderantur,
1415 1290 1598 1355 usque
1616 1291 1692 1343 ad
1708 1294 2000 1356 integrum
2020 1293 2421 1345 millenarium

214 1358 493 1423 supplevi.
525 1359 774 1424 Reliqua
798 1360 1121 1412 voluminis
1149 1376 1286 1425 pars
1312 1361 1384 1413 de
1409 1361 1583 1426 supra
1607 1362 1855 1414 modum
1880 1364 2231 1416 miraculosa
2256 1365 2421 1416 Anni

216 1429 345 1482 1572
365 1429 545 1482 Stella
562 1429 890 1483 luculenter
909 1430 1129 1484 trac'iat.
1158 1432 1431 1484 Invenies
1451 1434 1600 1485 alias
1619 1437 1682 1485 in
1702 1433 1816 1485 hoc
1837 1449 2014 1499 opere
2034 1435 2328 1487 nonnulla
2348 1451 2421 1487 ex

215 1502 303 1566 ijs,
326 1516 461 1565 quae
481 1504 645 1566 prius
664 1505 815 1554 inter
834 1518 945 1554 nos
958 1503 1240 1556 ventilata
1261 1504 1407 1565 sunt,
1427 1504 1661 1568 plenius
1682 1505 1989 1569 disquisita,
2012 1513 2066 1557 et
2086 1522 2211 1558 non
2229 1522 2422 1571 pauca

216 1571 351 1633 alia,
379 1588 515 1636 quae
535 1579 638 1624 tuo
661 1573 768 1637 (uti
787 1574 975 1639 spero)
998 1575 1338 1628 arridebunt
1357 1578 1612 1641 ingenio.
1643 1576 1900 1628 Consule
1926 1577 2086 1629 hunc
2109 1578 2268 1638 boni,
2295 1579 2419 1630 tibi-

216 1658 332 1707 que
346 1642 450 1695 soli
465 1643 710 1705 reserva,
726 1645 913 1696 donec
928 1647 1184 1698 eundem
1199 1646 1522 1699 auciiorem
1539 1655 1593 1699 et
1606 1647 1782 1712 plane
1795 1648 2125 1700 absolutum
2137 1650 2419 1709 obtineaS,

215 1716 339 1766 una
359 1730 495 1766 cum
515 1715 648 1780 alijs
669 1716 1017 1780 quibusdam
1039 1732 1111 1769 ex
1131 1721 1279 1770 meis
1299 1721 1362 1770 in
1382 1718 1496 1770 hoc
1515 1734 1729 1784 genere
1754 1719 2077 1772 studiorum
2101 1720 2418 1772 laboribus.

216 1785 564 1850 Sphalmata
583 1787 1048 1852 Typographica,
1076 1804 1212 1853 quae
1238 1790 1533 1842 nonnulla
1561 1793 1712 1842 inter
1735 1791 2122 1843 revidendum
2143 1794 2419 1856 comperi,

215 1864 353 1916 tute,
382 1861 484 1922 qui
509 1873 636 1909 rem
661 1859 846 1923 ipsam
865 1859 1046 1924 probe
1068 1863 1244 1925 capiS,
1272 1860 1442 1912 facile
1462 1861 1736 1913 restitues,
1757 1862 1906 1914 Vide
1928 1863 2069 1927 quid
2089 1866 2420 1927 pepererint

215 1935 399 1980 ternae
425 1936 731 1981 ternorum
757 1933 935 1982 etiam
955 1932 1274 1983 Annorum
1300 1932 1453 1984 Solis
1479 1932 1913 1985 observationes
1938 1934 2086 1984 mihi
2107 1949 2144 1985 a
2163 1941 2218 1985 te
2244 1934 2418 1985 bene-

215 1999 350 2051 vole
369 2001 560 2052 missae.
584 2001 644 2053 Si
663 2001 862 2066 plures
882 2004 945 2053 in
965 2002 1096 2067 alijs
1117 2005 1296 2055 etiam
1313 2003 1492 2055 Astris
1511 2003 1626 2056 five
1648 2005 1903 2056 Cassellis
1923 2004 2038 2056 five
2059 2004 2199 2056 alibi
2219 2005 2419 2057 sedulo

215 2069 396 2123 facias
421 2075 847 2135 procuraveris,
875 2089 1069 2138 neque
1090 2074 1208 2126 illae
1229 2074 1346 2126 fine
1366 2075 1597 2127 foenore
1617 2076 1903 2127 redibunt.
1931 2076 2198 2128 Intellexi
2217 2076 2418 2128 WER-

218 2142 510 2194 NERUM
532 2143 813 2207 quasdam
835 2160 872 2196 a
890 2145 946 2196 se
967 2145 1197 2197 habitas
1218 2146 1755 2199 animadverfiones
1770 2147 2027 2199 coelestes
2041 2150 2103 2198 in
2117 2147 2419 2212 publicum

217 2213 460 2274 edidisse,
489 2230 624 2278 quae
645 2214 686 2266 fi
705 2223 917 2280 praeter
937 2232 1054 2276 eaS,
1080 2232 1228 2281 quas
1249 2218 1320 2269 de
1341 2220 1493 2269 aeris
1514 2221 1841 2270 mutatione
1861 2219 1998 2280 vidi,
2023 2219 2246 2282 aliquid
2267 2222 2420 2271 circa

215 2284 621 2337 Phaenomena
628 2286 933 2338 Astrorum
944 2288 1174 2340 coelitus
1189 2288 1467 2340 denotata
1480 2289 1716 2349 habent,
1733 2297 1787 2342 et
1801 2289 1903 2341 tibi
1918 2290 1989 2342 de
2005 2305 2076 2342 eo
2090 2290 2239 2341 libro
2255 2290 2418 2354 quid-

214 2358 376 2420 piam
397 2356 629 2417 constat,
652 2373 929 2422 euperem
950 2359 1252 2423 exemplar
1270 2359 1419 2411 mihi
1439 2360 1855 2426 aliquantisper
1876 2362 2134 2414 concedi.

286 2427 556 2479 Pluribus
570 2435 625 2480 te
639 2444 800 2481 nunc
813 2433 1035 2482 morari
1048 2431 1213 2491 nolo;
1229 2431 1324 2483 sed
1340 2430 1581 2496 expec'to
1595 2433 1758 2484 brevi
1772 2440 1894 2484 tam
1909 2433 1984 2484 ad
1998 2435 2222 2497 priores
2237 2447 2417 2492 meaS,

217 2513 399 2562 quam
409 2498 579 2551 hasce
590 2500 1040 2565 responsionem.
1054 2502 1118 2553 Id
1129 2502 1330 2554 saltem
1342 2502 1747 2567 superaddam,
1760 2504 2420 2568 inventionemApogaei

217 2576 272 2620 et
292 2570 745 2623 Eccentricitatis
766 2587 839 2624 ex
862 2572 1194 2625 Observatis
1214 2574 1379 2625 Anni
1406 2574 1533 2627 1583
1558 2590 1595 2626 a
1616 2590 1729 2636 me,
1757 2582 1932 2639 prout
1957 2578 2020 2626 in
2047 2576 2213 2634 libro,
2242 2590 2420 2639 quem

215 2656 375 2693 nunc
400 2644 584 2702 mitt0,
613 2643 949 2707 expolitam,
976 2645 1124 2697 mihi
1150 2648 1337 2710 magis
1362 2645 1593 2710 placere
1621 2646 1821 2707 altera,
1850 2662 2032 2710 quam
2053 2647 2326 2710 deinceps
2348 2661 2419 2697 ex

215 2711 692 2776 subsequentibus
704 2715 897 2766 Annis
912 2715 1180 2776 adhibui;
1195 2716 1480 2780 fiquidem
1498 2721 1852 2781 aequationis
1869 2721 2149 2782 temporis
2167 2720 2316 2769 ratio
2334 2717 2418 2768 ist-

216 2782 312 2834 hic
339 2783 647 2848 applicata‚
674 2786 870 2850 postea
888 2802 1030 2839 vero
1055 2788 1267 2839 omissa.
1296 2788 1507 2852 Sicque
1527 2790 1862 2854 Apogaeum
1883 2796 1937 2840 et
1958 2790 2366 2840 Eccentricitas
2388 2803 2418 2839 e

217 2854 705 2919 Landtgravianis
738 2857 1052 2909 observatis
1086 2861 1266 2922 petita
1297 2857 1508 2911 reciius
1542 2862 1896 2912 convenient
1927 2876 2063 2911 cum
2094 2859 2287 2910 nostra
2317 2859 2420 2909 illa

216 2927 398 2989 priori
420 2926 527 2989 (uti
548 2927 691 2990 dixi)
713 2932 1114 2990 annotatione,
1128 2930 1268 2981 ,licet
1283 2930 1628 2991 differentia,
1651 2947 1786 2995 quae
1801 2933 1951 2983 alias
1966 2931 2268 2990 intercidit,
2290 2930 2418 2981 nul-

216 2996 331 3047 lius
356 3011 508 3060 pene
534 2997 597 3048 fit
622 2998 1035 3052 aestimationis.
1065 3000 1266 3064 Quam
1284 3008 1486 3053 tamen
1506 3002 2135 3066 discrepantiunculam
2156 3001 2418 3052 observa-

216 3070 408 3118 tiones
435 3070 494 3128 Θ
522 3068 619 3120 hic
644 3072 708 3120 in
734 3070 1040 3132 Bohemia,
1070 3071 1305 3124 favente
1332 3073 1614 3134 Numine,
1642 3073 2061 3125 continuandae
2087 3073 2257 3124 facile
2285 3072 2418 3123 diri-

217 3145 400 3197 ment;
428 3139 712 3203 liquidem
732 3141 1024 3205 AEquator
1049 3143 1083 3194 6
1107 3142 1291 3194 ferme
1317 3145 1592 3208 gradibus
1619 3144 1715 3195 hic
1742 3144 1914 3196 altior
1935 3159 2116 3207 quam
2135 3146 2198 3194 in
2219 3143 2420 3194 Dania

218 3210 295 3261 ad
321 3211 830 3275 quadragefimum
852 3213 1125 3265 Gradum
1151 3221 1320 3274 extet,
1348 3222 1403 3266 et
1423 3215 1498 3266 ob
1518 3216 1577 3266 id
1603 3215 1769 3266 nulla
1793 3215 1944 3267 Solis
1971 3213 2254 3273 refracliO,
2283 3229 2417 3278 quae

217 3279 470 3402 ἕεέῧϋιιε
497 3281 673 3334 obvia
698 3283 776 3343 fit,
803 3286 968 3335 iuxta
993 3284 1115 3348 ipsa
1139 3285 1519 3350 AEquinoc’tia
1545 3286 1740 3350 (prout
1766 3289 1829 3337 in
1856 3286 2056 3338 Dania
2082 3285 2166 3348 fit)
2194 3285 2306 3337 sese
2332 3287 2417 3335 in-

305 3358 419 3404 uet.

361 3433 408 3469 29
2271 3425 2418 3477 Vale
