2652 4022
291 292 395 344 326
823 290 1262 343 EPISTOLAE
1287 291 1955 346 ASTRONOMICAE

292 436 483 486 cuniae
503 433 731 484 summa
754 448 878 484 non
897 438 1018 485 tam
1038 433 1276 485 vendita
1297 434 1371 486 est
1392 450 1573 498 quam
1594 438 1996 501 oppignorata.
2024 436 2178 488 Iacet
2200 452 2359 488 nunc
2381 440 2486 489 mi-

290 505 414 556 sera
434 504 591 567 apud
612 519 721 555 nos
743 506 805 554 in
826 503 1004 555 domo
1026 505 1302 568 quadam,
1331 511 1386 557 et
1410 521 1534 558 non
1557 506 1724 558 aliter
1743 509 1893 558 iacet
1920 506 2061 570 (vidi
2082 510 2241 558 enim
2261 508 2486 572 aliquo-

290 575 418 638 ties)
447 590 628 638 quam
647 574 830 626 solent
851 576 1009 639 apud
1034 575 1262 627 nobiles
1287 579 1478 628 iacere
1505 580 1700 629 acervi
1725 577 2178 629 frumentorum:
2206 593 2399 643 neque
2425 582 2488 631 in

290 646 454 697 illam
474 645 718 709 plenum
738 648 830 697 ius
850 646 1027 698 habet
1048 647 1250 698 Emtor
1269 663 1463 712 neque
1485 651 1663 700 etiam
1682 649 1967 700 venditor.
1997 649 2107 700 Res
2131 648 2307 713 plane
2327 652 2486 701 intri-

291 723 420 768 cata
434 717 524 775 est‚
545 724 599 769 et
615 724 832 777 metu0‚
852 733 927 769 ne
942 717 1073 769 libri
1087 718 1171 769 isti
1184 734 1467 784 magnum
1483 719 1724 783 aliquod
1740 726 1794 771 et
1808 719 2186 784 irreparabile
2202 720 2488 774 damnum
2537 737 2560 772 5

290 791 593 852 accipiant.
1091 847 1096 848 γ
2128 823 2130 825 >
2486 797 2491 800 '

361 858 599 911 Did’tum
625 859 773 911 mihi
799 859 874 911 eft
900 859 1090 925 nuper
1114 860 1188 913 ab
1215 863 1407 912 amico
1429 861 1705 925 quodam,
1733 861 2114 914 instrumenta
2132 868 2235 914 tua
2255 862 2487 915 Mathe-

289 933 504 982 matica
524 946 647 982 non
666 930 783 982 levi
804 928 1027 983 iactura
1043 931 1198 983 fuisse
1213 947 1316 996 per
1330 935 1450 984 vim
1464 940 1778 985 ventorum
1793 939 1847 985 et
1860 933 2265 998 tempestatum
2278 935 2341 986 in
2355 949 2488 986 arce

289 1002 422 1053 istac
441 1009 544 1054 tua
564 1000 788 1054 affecta.
816 1002 876 1055 Si
896 1005 978 1054 ita
999 1003 1088 1062 eft,
1116 1003 1441 1055 admodum
1459 1004 1562 1056 tibi
1583 1004 1888 1056 condole0.
1916 1004 2139 1057 Dubito
2165 1010 2382 1065 tamen,
2410 1020 2489 1057 an

290 1073 367 1132 fit,
390 1088 525 1124 cum
544 1080 608 1125 tu
627 1072 856 1126 nullam
878 1076 1004 1126 eius
1023 1076 1108 1126 rei
1128 1077 1492 1126 mentionem
1511 1075 1708 1128 faciaS.
2541 1092 2584 1127 ιο

360 1144 718 1209 Magnificus
731 1144 910 1197 huius
924 1145 1084 1198 urbis
1100 1152 1154 1197 et
1168 1145 1435 1198 Ducatus
1451 1146 1830 1210 CapitaneuS‚
1846 1147 1963 1199 Dn.
1973 1147 2489 1200 ABRAHAMUS

290 1215 686 1276 IENGTIUS‚
718 1216 862 1268 olim
890 1217 1102 1268 summi
1131 1217 1305 1269 nostri
1332 1217 1712 1280 WITICHIJ,
1746 1218 1888 1270 dum
1915 1220 2153 1278 viveret,
2186 1225 2487 1283 patronus,

289 1290 373 1339 tui
394 1289 671 1339 amantiss.
689 1293 743 1339 et
756 1287 1193 1349 studiofissimuS‚
1214 1304 1573 1354 magnopere
1593 1296 1649 1341 te
1668 1289 1892 1341 salutat.
1916 1289 2148 1354 Cogitat
2167 1290 2348 1354 paulo
2369 1290 2490 1355 post

290 1359 365 1411 ad
386 1353 406 1427 ΙΙ
426 1358 686 1411 thermas
707 1359 1037 1412 Boiemicas
1063 1359 1363 1424 proficisci,
1392 1367 1446 1412 et
1471 1360 1647 1425 plane
1675 1360 1960 1412 constituit
1984 1362 2047 1411 in
2073 1360 2176 1412 illo
2202 1362 2410 1413 itinere
2432 1368 2488 1413 te
2519 1370 2602 1414 62r

291 1433 623 1490 convenire,
650 1437 714 1482 ut
739 1436 795 1482 te
815 1431 1011 1483 videat
1037 1447 1254 1492 coram,
1282 1447 1460 1495 quem
1487 1431 1714 1483 dudum
1740 1431 1815 1483 est
1841 1433 2014 1483 unice
2034 1433 2297 1483 miratus,
2325 1431 2490 1484 Dixit
2542 1449 2584 1484 15

291 1504 345 1552 ei
364 1517 554 1565 nuper
575 1500 797 1553 Doctor
811 1502 1211 1555 IESSENIUS
1230 1503 1300 1554 de
1319 1502 1581 1566 quodam
1600 1502 1749 1554 libro
1769 1508 1872 1554 tuo
1893 1517 2096 1555 recens
2117 1502 2289 1562 edito,
2311 1517 2490 1568 quem

291 1572 570 1624 obtuleris
591 1572 826 1625 Caesari.
855 1573 1007 1625 Eum
1027 1573 1144 1637 ipse
1166 1576 1338 1625 unice
1358 1573 1557 1625 videre
1577 1573 1749 1638 gestit,
1778 1579 1833 1624 et
1858 1575 1979 1625 iam
2005 1573 2182 1625 semel
2203 1579 2257 1626 et
2277 1576 2490 1626 iterum

290 1659 370 1695 an
397 1644 646 1695 viderim
676 1660 748 1695 ex
777 1660 872 1696 me
903 1645 1179 1708 quaelivit.
1215 1644 1602 1708 Epistolarum
1630 1651 1869 1696 tuarum
1897 1644 2197 1704 volumen,
2228 1645 2388 1710 quod
2417 1661 2490 1698 ex

291 1715 449 1767 dono
469 1714 831 1767 liberalitatis
848 1721 967 1767 tuae
985 1715 1195 1776 habe0,
1217 1716 1376 1779 apud
1390 1731 1486 1767 me
1501 1718 1727 1780 primus
1740 1716 1899 1775 vidit,
1922 1722 1977 1768 et
1995 1732 2099 1780 per
2119 1716 2345 1781 aliquot
2365 1716 2488 1769 dies

289 1786 484 1837 secum
504 1784 726 1837 habuit.
2537 1804 2584 1839 20

361 1856 420 1909 Si
442 1857 583 1920 quid
603 1857 679 1908 ad
699 1872 794 1909 me
814 1857 1059 1909 scribere
1079 1863 1181 1909 aut
1201 1860 1427 1910 mittere
1447 1857 1628 1918 voleS,
1654 1858 1798 1910 scias
1823 1856 2116 1910 redtissime
2142 1859 2219 1911 ad
2243 1874 2339 1910 me
2362 1874 2487 1923 per-

288 1933 622 1987 venturum,
642 1928 920 1991 quicquid
934 1929 1182 1993 Pragam
1195 1944 1300 1993 per
1314 1935 1499 1980 certos
1513 1928 1786 1981 homines
1800 1929 2022 1981 miseris
2037 1929 2112 1981 ad
2127 1929 2244 1981 Dn.
2260 1929 2488 1982 IOAN-

290 1999 470 2050 NEM
487 1999 1019 2059 MYLLNERUM,
1039 2000 1233 2052 Sacrae
1249 1999 1395 2052 Caes.
1412 1998 1575 2052 Matis
1591 2000 2006 2053 Confiliarium
2021 2007 2075 2052 et
2090 2001 2272 2065 Regni
2286 2001 2488 2054 Boem.

290 2070 679 2122 Secretarium
701 2070 1056 2134 supremum,
1085 2070 1469 2135 Compatrem
1488 2087 1691 2123 meum
1712 2073 1883 2124 cariss.
1906 2079 1961 2124 et
1981 2074 2146 2123 omni
2165 2071 2281 2123 fide
2302 2071 2488 2124 obser-

289 2141 568 2193 vandum.
602 2141 781 2205 Apud
812 2141 982 2193 illum
1015 2145 1173 2194 enim
1202 2145 1344 2194 vivit
1373 2143 1731 2195 IOANNES
1763 2142 2174 2203 PALUDIUS,
2208 2143 2489 2208 Principis
2539 2161 2583 2195 25

290 2215 406 2263 mei
428 2212 810 2264 Confiliarius
830 2214 1031 2278 Pragae
1058 2213 1332 2266 habitans
1359 2220 1413 2266 et
1438 2217 1674 2279 negotia
1695 2214 1840 2266 Cels.
1865 2214 1985 2266 suae
2011 2217 2074 2266 in
2100 2214 2240 2266 aula
2265 2213 2367 2267 illa
2393 2230 2488 2266 cu-

290 2299 443 2335 ranS.
472 2284 525 2335 Is
552 2290 607 2335 et
633 2283 937 2348 diligenter
958 2291 1012 2336 et
1031 2284 1279 2337 libenter
1301 2286 1541 2346 curabit,
1569 2285 1847 2350 quicquid
1868 2286 1944 2338 ad
1963 2301 2059 2337 me
2079 2288 2377 2350 pertinens
2396 2301 2488 2338 ac-

290 2357 520 2417 ceperit.
551 2355 712 2406 Bene
739 2362 793 2406 et
819 2355 1059 2407 feliciter
1085 2356 1235 2416 vale,
1263 2357 1366 2407 Vir
1391 2356 1855 2421 praestantissime‚
1887 2364 1941 2408 et
1965 2372 2079 2417 me,
2110 2372 2289 2421 quem
2313 2356 2490 2408 semel

290 2441 492 2476 amare
525 2425 757 2489 coepisti,
790 2433 1074 2490 perpetuo
1106 2443 1309 2479 amare
1342 2442 1537 2492 perge:
1571 2427 1643 2478 fic
1673 2434 1728 2479 te
1756 2429 1993 2479 vicissim
2023 2433 2183 2480 curet
2214 2434 2488 2492 ametque

290 2496 472 2547 Deus,
2537 2515 2584 2550 30

362 2567 583 2618 Vratiss.
606 2567 770 2629 XIIIJ
792 2568 941 2632 Iunij
967 2569 1110 2620 1600.

1416 2711 1794 2763 observantiss.
1817 2719 1871 2763 et
1891 2713 2167 2763 amantiss.

1891 2783 2018 2834 IAC.
2047 2783 2344 2834 MONAW.

2195 3419 2263 3485 [E
2284 3419 2484 3472 codice
