<?xml version="1.0" encoding="UTF-8"?>
<!DOCTYPE html PUBLIC "-//W3C//DTD XHTML 1.0 Transitional//EN"
    "http://www.w3.org/TR/xhtml1/DTD/xhtml1-transitional.dtd">
<html xmlns="http://www.w3.org/1999/xhtml" xml:lang="en" lang="en">
 <head>
  <title>
</title>
<meta http-equiv="Content-Type" content="text/html;charset=utf-8" />
  <meta name='ocr-system' content='tesseract 3.04.00' />
  <meta name='ocr-capabilities' content='ocr_page ocr_carea ocr_par ocr_line ocrx_word'/>
</head>
<body>
  <div class='ocr_page' id='page_1' title='image "./operaomniaedidit08brahuoft/operaomniaedidit08brahuoft_0076.png"; bbox 0 0 2678 4022; ppageno 0'>
   <div class='ocr_carea' id='block_1_1' title="bbox 320 291 1988 345">
    <p class='ocr_par' dir='ltr' id='par_1_1' title="bbox 320 291 1988 345">
     <span class='ocr_line' id='line_1_1' title="bbox 320 291 1988 345; baseline -0.001 0"><span class='ocrx_word' id='word_1_1' title='bbox 320 294 388 345; x_wconf 83' lang='lat'>62</span> <span class='ocrx_word' id='word_1_2' title='bbox 852 291 1290 344; x_wconf 91' lang='lat' dir='ltr'>EPISTOLAE</span> <span class='ocrx_word' id='word_1_3' title='bbox 1316 291 1988 345; x_wconf 90' lang='lat' dir='ltr'>ASTRONOMICAE</span> 
     </span>
    </p>
   </div>
   <div class='ocr_carea' id='block_1_2' title="bbox 316 433 2521 3206">
    <p class='ocr_par' dir='ltr' id='par_1_2' title="bbox 316 433 2521 3206">
     <span class='ocr_line' id='line_1_2' title="bbox 321 433 2519 500; baseline 0 -14"><span class='ocrx_word' id='word_1_4' title='bbox 321 435 566 499; x_wconf 90' lang='lat' dir='ltr'>Belgicis</span> <span class='ocrx_word' id='word_1_5' title='bbox 580 434 635 485; x_wconf 90' lang='lat' dir='ltr'>se</span> <span class='ocrx_word' id='word_1_6' title='bbox 649 434 967 498; x_wconf 87' lang='lat' dir='ltr'>supputasse</span> <span class='ocrx_word' id='word_1_7' title='bbox 984 436 1045 484; x_wconf 92' lang='lat' dir='ltr'>in</span> <span class='ocrx_word' id='word_1_8' title='bbox 1059 433 1414 498; x_wconf 84' lang='lat' dir='ltr'>frontispicio</span> <span class='ocrx_word' id='word_1_9' title='bbox 1429 435 1627 494; x_wconf 85' lang='lat' dir='ltr'>asserit,</span> <span class='ocrx_word' id='word_1_10' title='bbox 1643 440 1819 498; x_wconf 90' lang='lat' dir='ltr'>atque</span> <span class='ocrx_word' id='word_1_11' title='bbox 1833 437 1895 486; x_wconf 92' lang='lat' dir='ltr'>in</span> <span class='ocrx_word' id='word_1_12' title='bbox 1911 435 2147 500; x_wconf 89' lang='lat' dir='ltr'>epistola</span> <span class='ocrx_word' id='word_1_13' title='bbox 2161 435 2519 487; x_wconf 86' lang='lat' dir='ltr'>dedicatoria</span> 
     </span>
     <span class='ocr_line' id='line_1_3' title="bbox 322 504 2518 571; baseline 0 -14"><span class='ocrx_word' id='word_1_14' title='bbox 322 505 418 570; x_wconf 93' lang='lat' dir='ltr'>[ad</span> <span class='ocrx_word' id='word_1_15' title='bbox 434 507 648 570; x_wconf 85' lang='lat' dir='ltr'><strong>Regem</strong></span> <span class='ocrx_word' id='word_1_16' title='bbox 662 504 942 569; x_wconf 88' lang='lat' dir='ltr'>nostrum]</span> <span class='ocrx_word' id='word_1_17' title='bbox 964 505 1152 556; x_wconf 92' lang='lat' dir='ltr'>multa</span> <span class='ocrx_word' id='word_1_18' title='bbox 1169 505 1240 557; x_wconf 92' lang='lat' dir='ltr'>de</span> <span class='ocrx_word' id='word_1_19' title='bbox 1259 505 1461 569; x_wconf 89' lang='lat' dir='ltr'>ijsdem</span> <span class='ocrx_word' id='word_1_20' title='bbox 1481 505 1803 569; x_wconf 85' lang='lat' dir='ltr'>pollicetur.</span> <span class='ocrx_word' id='word_1_21' title='bbox 1826 507 1895 557; x_wconf 94' lang='lat' dir='ltr'>Et</span> <span class='ocrx_word' id='word_1_22' title='bbox 1909 505 2059 558; x_wconf 71' lang='lat' dir='ltr'>redte</span> <span class='ocrx_word' id='word_1_23' title='bbox 2075 506 2315 570; x_wconf 91' lang='lat' dir='ltr'>quidem</span> <span class='ocrx_word' id='word_1_24' title='bbox 2329 507 2404 558; x_wconf 93' lang='lat' dir='ltr'>ad</span> <span class='ocrx_word' id='word_1_25' title='bbox 2419 523 2518 571; x_wconf 91' lang='lat' dir='ltr'>ap-</span> 
     </span>
     <span class='ocr_line' id='line_1_4' title="bbox 318 575 2517 641; baseline 0.001 -14"><span class='ocrx_word' id='word_1_26' title='bbox 318 579 615 640; x_wconf 89' lang='lat' dir='ltr'>parentias</span> <span class='ocrx_word' id='word_1_27' title='bbox 642 575 919 628; x_wconf 87' lang='lat' dir='ltr'>Coelestes</span> <span class='ocrx_word' id='word_1_28' title='bbox 945 576 1217 640; x_wconf 89' lang='lat' dir='ltr'>appellat,</span> <span class='ocrx_word' id='word_1_29' title='bbox 1248 576 1428 628; x_wconf 94' lang='lat' dir='ltr'>modo</span> <span class='ocrx_word' id='word_1_30' title='bbox 1457 591 1565 640; x_wconf 90' lang='lat' dir='ltr'>pro</span> <span class='ocrx_word' id='word_1_31' title='bbox 1592 576 1713 641; x_wconf 91' lang='lat' dir='ltr'>ipso</span> <span class='ocrx_word' id='word_1_32' title='bbox 1739 577 2084 629; x_wconf 85' lang='lat' dir='ltr'>sententiam</span> <span class='ocrx_word' id='word_1_33' title='bbox 2109 577 2258 629; x_wconf 83' lang='lat' dir='ltr'>ferre</span> <span class='ocrx_word' id='word_1_34' title='bbox 2284 577 2517 638; x_wconf 93' lang='lat' dir='ltr'>vellent,</span> 
     </span>
     <span class='ocr_line' id='line_1_5' title="bbox 319 647 2518 713; baseline 0 -14"><span class='ocrx_word' id='word_1_35' title='bbox 319 651 486 699; x_wconf 92' lang='lat' dir='ltr'>cuius</span> <span class='ocrx_word' id='word_1_36' title='bbox 511 654 711 698; x_wconf 93' lang='lat' dir='ltr'>tamen</span> <span class='ocrx_word' id='word_1_37' title='bbox 738 650 1099 699; x_wconf 90' lang='lat' dir='ltr'>contrarium</span> <span class='ocrx_word' id='word_1_38' title='bbox 1126 647 1598 711; x_wconf 90' lang='lat' dir='ltr'>deprehenditur,</span> <span class='ocrx_word' id='word_1_39' title='bbox 1628 648 1779 699; x_wconf 91' lang='lat' dir='ltr'>adeo</span> <span class='ocrx_word' id='word_1_40' title='bbox 1805 654 1869 700; x_wconf 92' lang='lat' dir='ltr'>ut</span> <span class='ocrx_word' id='word_1_41' title='bbox 1894 664 1969 699; x_wconf 91' lang='lat' dir='ltr'>ne</span> <span class='ocrx_word' id='word_1_42' title='bbox 1995 648 2251 700; x_wconf 91' lang='lat' dir='ltr'>fixarum</span> <span class='ocrx_word' id='word_1_43' title='bbox 2279 649 2518 713; x_wconf 91' lang='lat' dir='ltr'>quidem</span> 
     </span>
     <span class='ocr_line' id='line_1_6' title="bbox 318 718 2517 783; baseline 0.001 -14"><span class='ocrx_word' id='word_1_44' title='bbox 318 719 449 770; x_wconf 92' lang='lat' dir='ltr'>loca</span> <span class='ocrx_word' id='word_1_45' title='bbox 463 719 684 769; x_wconf 92' lang='lat' dir='ltr'>nedum</span> <span class='ocrx_word' id='word_1_46' title='bbox 696 718 1093 770; x_wconf 89' lang='lat' dir='ltr'>Erraticarum</span> <span class='ocrx_word' id='word_1_47' title='bbox 1106 718 1244 770; x_wconf 91' lang='lat' dir='ltr'>hinc</span> <span class='ocrx_word' id='word_1_48' title='bbox 1259 718 1613 782; x_wconf 90' lang='lat' dir='ltr'>inquirenda</span> <span class='ocrx_word' id='word_1_49' title='bbox 1626 718 1729 783; x_wconf 89' lang='lat' dir='ltr'>ipfi</span> <span class='ocrx_word' id='word_1_50' title='bbox 1741 719 1915 771; x_wconf 89' lang='lat' dir='ltr'>Coelo</span> <span class='ocrx_word' id='word_1_51' title='bbox 1928 719 2185 771; x_wconf 89' lang='lat' dir='ltr'>consona</span> <span class='ocrx_word' id='word_1_52' title='bbox 2197 719 2517 783; x_wconf 89' lang='lat' dir='ltr'>protulerit.</span> 
     </span>
     <span class='ocr_line' id='line_1_7' title="bbox 319 789 2518 855; baseline 0.001 -15"><span class='ocrx_word' id='word_1_53' title='bbox 319 791 386 840; x_wconf 92' lang='lat' dir='ltr'>In</span> <span class='ocrx_word' id='word_1_54' title='bbox 405 789 538 840; x_wconf 88' lang='lat' dir='ltr'>fixis</span> <span class='ocrx_word' id='word_1_55' title='bbox 560 792 719 840; x_wconf 92' lang='lat' dir='ltr'>enim</span> <span class='ocrx_word' id='word_1_56' title='bbox 739 789 910 841; x_wconf 86' lang='lat' dir='ltr'>stellis</span> <span class='ocrx_word' id='word_1_57' title='bbox 930 791 1169 841; x_wconf 87' lang='lat' dir='ltr'>retinuit</span> <span class='ocrx_word' id='word_1_58' title='bbox 1187 789 1407 854; x_wconf 92' lang='lat' dir='ltr'>ubique</span> <span class='ocrx_word' id='word_1_59' title='bbox 1426 789 1657 841; x_wconf 92' lang='lat' dir='ltr'>easdem</span> <span class='ocrx_word' id='word_1_60' title='bbox 1677 789 2070 855; x_wconf 89' lang='lat' dir='ltr'>longitudines</span> <span class='ocrx_word' id='word_1_61' title='bbox 2091 797 2146 842; x_wconf 90' lang='lat' dir='ltr'>et</span> <span class='ocrx_word' id='word_1_62' title='bbox 2165 790 2518 851; x_wconf 82' lang='lat' dir='ltr'>latitudineS‚</span> 
     </span>
     <span class='ocr_line' id='line_1_8' title="bbox 319 860 2519 926; baseline 0.001 -15"><span class='ocrx_word' id='word_1_63' title='bbox 319 876 454 924; x_wconf 84' lang='lat' dir='ltr'>quae</span> <span class='ocrx_word' id='word_1_64' title='bbox 476 876 548 911; x_wconf 94' lang='lat' dir='ltr'>ex</span> <span class='ocrx_word' id='word_1_65' title='bbox 566 860 794 912; x_wconf 92' lang='lat' dir='ltr'>calculo</span> <span class='ocrx_word' id='word_1_66' title='bbox 808 860 1118 912; x_wconf 91' lang='lat' dir='ltr'>Prutenico</span> <span class='ocrx_word' id='word_1_67' title='bbox 1133 861 1489 912; x_wconf 89' lang='lat' dir='ltr'>derivantur.</span> <span class='ocrx_word' id='word_1_68' title='bbox 1512 860 1666 924; x_wconf 87' lang='lat' dir='ltr'>Quae</span> <span class='ocrx_word' id='word_1_69' title='bbox 1681 861 1721 912; x_wconf 91' lang='lat' dir='ltr'>fi</span> <span class='ocrx_word' id='word_1_70' title='bbox 1735 863 1841 912; x_wconf 93' lang='lat' dir='ltr'>rite</span> <span class='ocrx_word' id='word_1_71' title='bbox 1855 861 1911 912; x_wconf 92' lang='lat' dir='ltr'>se</span> <span class='ocrx_word' id='word_1_72' title='bbox 1925 861 2262 922; x_wconf 88' lang='lat' dir='ltr'>habuissent‚</span> <span class='ocrx_word' id='word_1_73' title='bbox 2285 865 2519 926; x_wconf 89' lang='lat' dir='ltr'>quantis</span> 
     </span>
     <span class='ocr_line' id='line_1_9' title="bbox 318 931 2518 997; baseline 0.001 -15"><span class='ocrx_word' id='word_1_74' title='bbox 318 931 617 983; x_wconf 91' lang='lat' dir='ltr'>laboribus</span> <span class='ocrx_word' id='word_1_75' title='bbox 638 938 693 982; x_wconf 91' lang='lat' dir='ltr'>et</span> <span class='ocrx_word' id='word_1_76' title='bbox 713 938 856 995; x_wconf 92' lang='lat' dir='ltr'>quot</span> <span class='ocrx_word' id='word_1_77' title='bbox 875 931 1135 984; x_wconf 92' lang='lat' dir='ltr'>millibus</span> <span class='ocrx_word' id='word_1_78' title='bbox 1156 931 1652 983; x_wconf 91' lang='lat' dir='ltr'>Ioachimicorum</span> <span class='ocrx_word' id='word_1_79' title='bbox 1678 948 1917 996; x_wconf 89' lang='lat' dir='ltr'>parcere</span> <span class='ocrx_word' id='word_1_80' title='bbox 1943 931 2279 997; x_wconf 74' lang='lat' dir='ltr'>potuissem&#39;?</span> <span class='ocrx_word' id='word_1_81' title='bbox 2306 933 2374 984; x_wconf 90' lang='lat' dir='ltr'>In</span> <span class='ocrx_word' id='word_1_82' title='bbox 2393 933 2518 985; x_wconf 92' lang='lat' dir='ltr'>Pla-</span> 
     </span>
     <span class='ocr_line' id='line_1_10' title="bbox 318 1003 2518 1068; baseline 0.001 -14"><span class='ocrx_word' id='word_1_83' title='bbox 318 1005 466 1054; x_wconf 91' lang='lat' dir='ltr'>netis</span> <span class='ocrx_word' id='word_1_84' title='bbox 487 1009 684 1054; x_wconf 92' lang='lat' dir='ltr'>motus</span> <span class='ocrx_word' id='word_1_85' title='bbox 704 1018 911 1054; x_wconf 92' lang='lat' dir='ltr'>eorum</span> <span class='ocrx_word' id='word_1_86' title='bbox 933 1019 1006 1055; x_wconf 90' lang='lat' dir='ltr'>ex</span> <span class='ocrx_word' id='word_1_87' title='bbox 1026 1009 1276 1068; x_wconf 91' lang='lat' dir='ltr'>utroque</span> <span class='ocrx_word' id='word_1_88' title='bbox 1299 1003 1526 1055; x_wconf 92' lang='lat' dir='ltr'>calculo</span> <span class='ocrx_word' id='word_1_89' title='bbox 1547 1006 1831 1055; x_wconf 90' lang='lat' dir='ltr'>nimirum</span> <span class='ocrx_word' id='word_1_90' title='bbox 1844 1003 2214 1068; x_wconf 87' lang='lat' dir='ltr'>Alphonlino</span> <span class='ocrx_word' id='word_1_91' title='bbox 2230 1010 2285 1056; x_wconf 93' lang='lat' dir='ltr'>et</span> <span class='ocrx_word' id='word_1_92' title='bbox 2299 1003 2518 1068; x_wconf 90' lang='lat' dir='ltr'>Coper-</span> 
     </span>
     <span class='ocr_line' id='line_1_11' title="bbox 317 1074 2517 1139; baseline 0.001 -14"><span class='ocrx_word' id='word_1_93' title='bbox 317 1076 487 1125; x_wconf 92' lang='lat' dir='ltr'>niceo</span> <span class='ocrx_word' id='word_1_94' title='bbox 514 1074 683 1125; x_wconf 91' lang='lat' dir='ltr'>fimul</span> <span class='ocrx_word' id='word_1_95' title='bbox 707 1076 908 1135; x_wconf 93' lang='lat' dir='ltr'>mixto,</span> <span class='ocrx_word' id='word_1_96' title='bbox 937 1081 992 1126; x_wconf 93' lang='lat' dir='ltr'>et</span> <span class='ocrx_word' id='word_1_97' title='bbox 1017 1074 1156 1126; x_wconf 93' lang='lat' dir='ltr'>huic</span> <span class='ocrx_word' id='word_1_98' title='bbox 1184 1090 1365 1139; x_wconf 90' lang='lat' dir='ltr'>quam</span> <span class='ocrx_word' id='word_1_99' title='bbox 1391 1074 1476 1126; x_wconf 93' lang='lat' dir='ltr'>illi</span> <span class='ocrx_word' id='word_1_100' title='bbox 1502 1090 1609 1139; x_wconf 92' lang='lat' dir='ltr'>pro</span> <span class='ocrx_word' id='word_1_101' title='bbox 1636 1075 1876 1127; x_wconf 89' lang='lat' dir='ltr'>arbitrio</span> <span class='ocrx_word' id='word_1_102' title='bbox 1901 1077 2143 1139; x_wconf 93' lang='lat' dir='ltr'>propius</span> <span class='ocrx_word' id='word_1_103' title='bbox 2167 1075 2517 1135; x_wconf 91' lang='lat' dir='ltr'>accedend0,</span> 
     </span>
     <span class='ocr_line' id='line_1_12' title="bbox 318 1145 2520 1210; baseline 0.001 -14"><span class='ocrx_word' id='word_1_104' title='bbox 318 1145 724 1209; x_wconf 89' lang='lat' dir='ltr'>quodlibetice,</span> <span class='ocrx_word' id='word_1_105' title='bbox 752 1162 872 1210; x_wconf 95' lang='lat' dir='ltr'>quo</span> <span class='ocrx_word' id='word_1_106' title='bbox 895 1149 1178 1210; x_wconf 92' lang='lat' dir='ltr'>imperitis</span> <span class='ocrx_word' id='word_1_107' title='bbox 1198 1146 1400 1198; x_wconf 90' lang='lat' dir='ltr'>fucum</span> <span class='ocrx_word' id='word_1_108' title='bbox 1419 1145 1650 1206; x_wconf 88' lang='lat' dir='ltr'>faceret,</span> <span class='ocrx_word' id='word_1_109' title='bbox 1679 1146 2117 1206; x_wconf 83' lang='lat' dir='ltr'>consarcinavit,</span> <span class='ocrx_word' id='word_1_110' title='bbox 2145 1149 2357 1198; x_wconf 92' lang='lat' dir='ltr'>maiori</span> <span class='ocrx_word' id='word_1_111' title='bbox 2383 1146 2520 1199; x_wconf 88' lang='lat' dir='ltr'>sane</span> 
     </span>
     <span class='ocr_line' id='line_1_13' title="bbox 318 1216 2520 1282; baseline 0 -14"><span class='ocrx_word' id='word_1_112' title='bbox 318 1216 687 1280; x_wconf 92' lang='lat' dir='ltr'>compendi0‚</span> <span class='ocrx_word' id='word_1_113' title='bbox 710 1233 892 1281; x_wconf 92' lang='lat' dir='ltr'>quam</span> <span class='ocrx_word' id='word_1_114' title='bbox 910 1217 951 1268; x_wconf 87' lang='lat' dir='ltr'>fi</span> <span class='ocrx_word' id='word_1_115' title='bbox 972 1233 1045 1268; x_wconf 90' lang='lat' dir='ltr'>ex</span> <span class='ocrx_word' id='word_1_116' title='bbox 1063 1217 1186 1282; x_wconf 90' lang='lat' dir='ltr'>ipso</span> <span class='ocrx_word' id='word_1_117' title='bbox 1201 1217 1376 1269; x_wconf 89' lang='lat' dir='ltr'>Coelo</span> <span class='ocrx_word' id='word_1_118' title='bbox 1392 1217 1587 1282; x_wconf 88' lang='lat' dir='ltr'>(prout</span> <span class='ocrx_word' id='word_1_119' title='bbox 1601 1217 1703 1280; x_wconf 89' lang='lat' dir='ltr'>ait)</span> <span class='ocrx_word' id='word_1_120' title='bbox 1720 1220 1924 1269; x_wconf 92' lang='lat' dir='ltr'>omnia</span> <span class='ocrx_word' id='word_1_121' title='bbox 1937 1217 2264 1277; x_wconf 88' lang='lat' dir='ltr'>deduxisset,</span> <span class='ocrx_word' id='word_1_122' title='bbox 2286 1233 2365 1269; x_wconf 89' lang='lat' dir='ltr'>an</span> <span class='ocrx_word' id='word_1_123' title='bbox 2378 1233 2520 1269; x_wconf 90' lang='lat' dir='ltr'>vero</span> 
     </span>
     <span class='ocr_line' id='line_1_14' title="bbox 317 1288 2519 1354; baseline 0 -15"><span class='ocrx_word' id='word_1_124' title='bbox 317 1291 446 1352; x_wconf 89' lang='lat' dir='ltr'>pari</span> <span class='ocrx_word' id='word_1_125' title='bbox 467 1288 827 1349; x_wconf 90' lang='lat' dir='ltr'>certitudine,</span> <span class='ocrx_word' id='word_1_126' title='bbox 849 1304 973 1340; x_wconf 91' lang='lat' dir='ltr'>non</span> <span class='ocrx_word' id='word_1_127' title='bbox 994 1289 1258 1340; x_wconf 86' lang='lat' dir='ltr'>dixerim.</span> <span class='ocrx_word' id='word_1_128' title='bbox 1279 1289 1514 1341; x_wconf 85' lang='lat' dir='ltr'>Arbiter</span> <span class='ocrx_word' id='word_1_129' title='bbox 1534 1288 1649 1349; x_wconf 92' lang='lat' dir='ltr'>ille,</span> <span class='ocrx_word' id='word_1_130' title='bbox 1671 1304 1850 1353; x_wconf 91' lang='lat' dir='ltr'>quem</span> <span class='ocrx_word' id='word_1_131' title='bbox 1869 1305 1976 1353; x_wconf 93' lang='lat' dir='ltr'>pro</span> <span class='ocrx_word' id='word_1_132' title='bbox 1997 1289 2052 1340; x_wconf 91' lang='lat' dir='ltr'>se</span> <span class='ocrx_word' id='word_1_133' title='bbox 2074 1289 2362 1354; x_wconf 89' lang='lat' dir='ltr'>allegavit,</span> <span class='ocrx_word' id='word_1_134' title='bbox 2384 1304 2519 1340; x_wconf 91' lang='lat' dir='ltr'>con-</span> 
     </span>
     <span class='ocr_line' id='line_1_15' title="bbox 317 1359 2518 1425; baseline 0 -14"><span class='ocrx_word' id='word_1_135' title='bbox 317 1359 469 1411; x_wconf 84' lang='lat' dir='ltr'>stans</span> <span class='ocrx_word' id='word_1_136' title='bbox 484 1359 575 1421; x_wconf 84' lang='lat' dir='ltr'>est,</span> <span class='ocrx_word' id='word_1_137' title='bbox 593 1362 779 1411; x_wconf 91' lang='lat' dir='ltr'>necin</span> <span class='ocrx_word' id='word_1_138' title='bbox 793 1360 972 1412; x_wconf 93' lang='lat' dir='ltr'>ullius</span> <span class='ocrx_word' id='word_1_139' title='bbox 986 1363 1250 1425; x_wconf 87' lang='lat' dir='ltr'>gratiam,</span> <span class='ocrx_word' id='word_1_140' title='bbox 1266 1366 1368 1412; x_wconf 90' lang='lat' dir='ltr'>aut</span> <span class='ocrx_word' id='word_1_141' title='bbox 1383 1375 1455 1411; x_wconf 92' lang='lat' dir='ltr'>ex</span> <span class='ocrx_word' id='word_1_142' title='bbox 1470 1359 1683 1412; x_wconf 66' lang='lat' dir='ltr'>affeetu</span> <span class='ocrx_word' id='word_1_143' title='bbox 1695 1360 1791 1412; x_wconf 92' lang='lat' dir='ltr'>vel</span> <span class='ocrx_word' id='word_1_144' title='bbox 1804 1360 2027 1412; x_wconf 88' lang='lat' dir='ltr'>inscitia</span> <span class='ocrx_word' id='word_1_145' title='bbox 2042 1361 2345 1424; x_wconf 91' lang='lat' dir='ltr'>quidpiam</span> <span class='ocrx_word' id='word_1_146' title='bbox 2360 1359 2518 1413; x_wconf 89' lang='lat' dir='ltr'>facit:</span> 
     </span>
     <span class='ocr_line' id='line_1_16' title="bbox 318 1430 2520 1484; baseline 0 -2"><span class='ocrx_word' id='word_1_147' title='bbox 318 1431 469 1482; x_wconf 93' lang='lat' dir='ltr'>adeo</span> <span class='ocrx_word' id='word_1_148' title='bbox 496 1437 560 1482; x_wconf 95' lang='lat' dir='ltr'>ut</span> <span class='ocrx_word' id='word_1_149' title='bbox 585 1430 884 1483; x_wconf 89' lang='lat' dir='ltr'>difficilem</span> <span class='ocrx_word' id='word_1_150' title='bbox 909 1437 1105 1484; x_wconf 90' lang='lat' dir='ltr'>teneat</span> <span class='ocrx_word' id='word_1_151' title='bbox 1129 1431 1233 1483; x_wconf 88' lang='lat' dir='ltr'>tali</span> <span class='ocrx_word' id='word_1_152' title='bbox 1258 1431 1360 1483; x_wconf 93' lang='lat' dir='ltr'>sub</span> <span class='ocrx_word' id='word_1_153' title='bbox 1385 1431 1577 1483; x_wconf 91' lang='lat' dir='ltr'>iudice</span> <span class='ocrx_word' id='word_1_154' title='bbox 1604 1433 1871 1483; x_wconf 90' lang='lat' dir='ltr'>caussam.</span> <span class='ocrx_word' id='word_1_155' title='bbox 1900 1431 1960 1483; x_wconf 91' lang='lat' dir='ltr'>Si</span> <span class='ocrx_word' id='word_1_156' title='bbox 1986 1432 2062 1483; x_wconf 94' lang='lat' dir='ltr'>ad</span> <span class='ocrx_word' id='word_1_157' title='bbox 2087 1431 2375 1483; x_wconf 84' lang='lat' dir='ltr'>terrestres</span> <span class='ocrx_word' id='word_1_158' title='bbox 2394 1447 2520 1483; x_wconf 91' lang='lat' dir='ltr'>rem</span> 
     </span>
     <span class='ocr_line' id='line_1_17' title="bbox 319 1502 2518 1568; baseline 0 -15"><span class='ocrx_word' id='word_1_159' title='bbox 319 1502 610 1562; x_wconf 90' lang='lat' dir='ltr'>detulisset‚</span> <span class='ocrx_word' id='word_1_160' title='bbox 631 1505 849 1554; x_wconf 89' lang='lat' dir='ltr'>minori</span> <span class='ocrx_word' id='word_1_161' title='bbox 869 1503 928 1554; x_wconf 94' lang='lat' dir='ltr'>id</span> <span class='ocrx_word' id='word_1_162' title='bbox 947 1502 1096 1555; x_wconf 89' lang='lat' dir='ltr'>foret</span> <span class='ocrx_word' id='word_1_163' title='bbox 1115 1502 1401 1567; x_wconf 90' lang='lat' dir='ltr'>periculo;</span> <span class='ocrx_word' id='word_1_164' title='bbox 1422 1509 1561 1554; x_wconf 91' lang='lat' dir='ltr'>tunc</span> <span class='ocrx_word' id='word_1_165' title='bbox 1583 1505 1743 1554; x_wconf 90' lang='lat' dir='ltr'>enim</span> <span class='ocrx_word' id='word_1_166' title='bbox 1759 1502 1968 1554; x_wconf 82' lang='lat' dir='ltr'>similia</span> <span class='ocrx_word' id='word_1_167' title='bbox 1981 1502 2260 1554; x_wconf 81' lang='lat' dir='ltr'>similibus</span> <span class='ocrx_word' id='word_1_168' title='bbox 2275 1518 2518 1568; x_wconf 89' lang='lat' dir='ltr'>congru-</span> 
     </span>
     <span class='ocr_line' id='line_1_18' title="bbox 319 1573 2521 1639; baseline 0 -15"><span class='ocrx_word' id='word_1_169' title='bbox 319 1580 482 1625; x_wconf 89' lang='lat' dir='ltr'>erent</span> <span class='ocrx_word' id='word_1_170' title='bbox 507 1580 683 1638; x_wconf 91' lang='lat' dir='ltr'>atque</span> <span class='ocrx_word' id='word_1_171' title='bbox 709 1574 1022 1638; x_wconf 88' lang='lat' dir='ltr'>placerent.</span> <span class='ocrx_word' id='word_1_172' title='bbox 1051 1574 1247 1638; x_wconf 91' lang='lat' dir='ltr'>Cupio</span> <span class='ocrx_word' id='word_1_173' title='bbox 1269 1589 1341 1625; x_wconf 93' lang='lat' dir='ltr'>ex</span> <span class='ocrx_word' id='word_1_174' title='bbox 1360 1580 1415 1625; x_wconf 93' lang='lat' dir='ltr'>te</span> <span class='ocrx_word' id='word_1_175' title='bbox 1435 1574 1591 1635; x_wconf 92' lang='lat' dir='ltr'>scire,</span> <span class='ocrx_word' id='word_1_176' title='bbox 1620 1574 1761 1638; x_wconf 91' lang='lat' dir='ltr'>quid</span> <span class='ocrx_word' id='word_1_177' title='bbox 1787 1576 2282 1626; x_wconf 90' lang='lat' dir='ltr'>remunerationis</span> <span class='ocrx_word' id='word_1_178' title='bbox 2301 1573 2433 1626; x_wconf 92' lang='lat' dir='ltr'>loco</span> <span class='ocrx_word' id='word_1_179' title='bbox 2462 1573 2521 1639; x_wconf 92' lang='lat' dir='ltr'>[a</span> 
     </span>
     <span class='ocr_line' id='line_1_19' title="bbox 318 1644 2518 1710; baseline 0 -14"><span class='ocrx_word' id='word_1_180' title='bbox 318 1645 471 1709; x_wconf 91' lang='lat' dir='ltr'>Rege</span> <span class='ocrx_word' id='word_1_181' title='bbox 491 1644 706 1710; x_wconf 85' lang='lat' dir='ltr'>nostro]</span> <span class='ocrx_word' id='word_1_182' title='bbox 734 1648 1037 1710; x_wconf 91' lang='lat' dir='ltr'>acceperit,</span> <span class='ocrx_word' id='word_1_183' title='bbox 1065 1652 1119 1697; x_wconf 93' lang='lat' dir='ltr'>et</span> <span class='ocrx_word' id='word_1_184' title='bbox 1146 1661 1225 1697; x_wconf 91' lang='lat' dir='ltr'>an</span> <span class='ocrx_word' id='word_1_185' title='bbox 1248 1645 1394 1697; x_wconf 89' lang='lat' dir='ltr'>fides</span> <span class='ocrx_word' id='word_1_186' title='bbox 1413 1645 1498 1696; x_wconf 93' lang='lat' dir='ltr'>illi</span> <span class='ocrx_word' id='word_1_187' title='bbox 1518 1645 1735 1706; x_wconf 91' lang='lat' dir='ltr'>habita,</span> <span class='ocrx_word' id='word_1_188' title='bbox 1761 1661 1900 1697; x_wconf 92' lang='lat' dir='ltr'>eum</span> <span class='ocrx_word' id='word_1_189' title='bbox 1920 1648 1982 1697; x_wconf 92' lang='lat' dir='ltr'>in</span> <span class='ocrx_word' id='word_1_190' title='bbox 2002 1646 2213 1697; x_wconf 89' lang='lat' dir='ltr'>recessu</span> <span class='ocrx_word' id='word_1_191' title='bbox 2232 1645 2518 1710; x_wconf 69' lang='lat' dir='ltr'>praestare,</span> 
     </span>
     <span class='ocr_line' id='line_1_20' title="bbox 319 1712 2520 1784; baseline 0 -16"><span class='ocrx_word' id='word_1_192' title='bbox 319 1716 478 1780; x_wconf 90' lang='lat' dir='ltr'>quod</span> <span class='ocrx_word' id='word_1_193' title='bbox 495 1719 686 1780; x_wconf 90' lang='lat' dir='ltr'>primo</span> <span class='ocrx_word' id='word_1_194' title='bbox 701 1718 917 1768; x_wconf 90' lang='lat' dir='ltr'>accessu</span> <span class='ocrx_word' id='word_1_195' title='bbox 934 1716 1257 1781; x_wconf 91' lang='lat' dir='ltr'>pollicetur.</span> <span class='ocrx_word' id='word_1_196' title='bbox 1280 1712 1300 1784; x_wconf 88' lang='grc' dir='ltr'>ΙΙ</span> <span class='ocrx_word' id='word_1_197' title='bbox 1322 1717 1465 1767; x_wconf 95' lang='lat' dir='ltr'>Non</span> <span class='ocrx_word' id='word_1_198' title='bbox 1480 1716 1841 1777; x_wconf 90' lang='lat' dir='ltr'>crediderim,</span> <span class='ocrx_word' id='word_1_199' title='bbox 1865 1719 1991 1768; x_wconf 91' lang='lat' dir='ltr'>eius</span> <span class='ocrx_word' id='word_1_200' title='bbox 2006 1716 2367 1768; x_wconf 92' lang='lat' dir='ltr'>oblationem</span> <span class='ocrx_word' id='word_1_201' title='bbox 2381 1716 2520 1768; x_wconf 92' lang='lat' dir='ltr'>libe-</span> 
     </span>
     <span class='ocr_line' id='line_1_21' title="bbox 317 1787 2520 1852; baseline 0.001 -14"><span class='ocrx_word' id='word_1_202' title='bbox 317 1787 500 1839; x_wconf 90' lang='lat' dir='ltr'>ralius</span> <span class='ocrx_word' id='word_1_203' title='bbox 522 1794 842 1852; x_wconf 89' lang='lat' dir='ltr'>exceptam,</span> <span class='ocrx_word' id='word_1_204' title='bbox 865 1803 1044 1852; x_wconf 88' lang='lat' dir='ltr'>quam</span> <span class='ocrx_word' id='word_1_205' title='bbox 1066 1787 1602 1839; x_wconf 90' lang='lat' dir='ltr'>Iureconsultorum</span> <span class='ocrx_word' id='word_1_206' title='bbox 1617 1794 1672 1839; x_wconf 90' lang='lat' dir='ltr'>et</span> <span class='ocrx_word' id='word_1_207' title='bbox 1686 1788 1956 1839; x_wconf 90' lang='lat' dir='ltr'>aliorum.</span> <span class='ocrx_word' id='word_1_208' title='bbox 1978 1788 2200 1840; x_wconf 90' lang='lat' dir='ltr'>Verum</span> <span class='ocrx_word' id='word_1_209' title='bbox 2222 1787 2336 1839; x_wconf 94' lang='lat' dir='ltr'>hoc</span> <span class='ocrx_word' id='word_1_210' title='bbox 2357 1794 2520 1840; x_wconf 89' lang='lat' dir='ltr'>extra</span> 
     </span>
     <span class='ocr_line' id='line_1_22' title="bbox 317 1858 2520 1923; baseline 0 -14"><span class='ocrx_word' id='word_1_211' title='bbox 317 1858 693 1923; x_wconf 89' lang='lat' dir='ltr'>propofitum,</span> <span class='ocrx_word' id='word_1_212' title='bbox 725 1875 835 1910; x_wconf 90' lang='lat' dir='ltr'>nec</span> <span class='ocrx_word' id='word_1_213' title='bbox 865 1859 936 1911; x_wconf 94' lang='lat' dir='ltr'>de</span> <span class='ocrx_word' id='word_1_214' title='bbox 965 1859 1079 1911; x_wconf 87' lang='lat' dir='ltr'>istis</span> <span class='ocrx_word' id='word_1_215' title='bbox 1110 1862 1477 1911; x_wconf 90' lang='lat' dir='ltr'>mentionem</span> <span class='ocrx_word' id='word_1_216' title='bbox 1508 1859 1696 1911; x_wconf 91' lang='lat' dir='ltr'>ullam</span> <span class='ocrx_word' id='word_1_217' title='bbox 1726 1859 1987 1920; x_wconf 89' lang='lat' dir='ltr'>fecissem‚</span> <span class='ocrx_word' id='word_1_218' title='bbox 2020 1859 2126 1911; x_wconf 87' lang='lat' dir='ltr'>nifi</span> <span class='ocrx_word' id='word_1_219' title='bbox 2156 1875 2228 1911; x_wconf 93' lang='lat' dir='ltr'>ex</span> <span class='ocrx_word' id='word_1_220' title='bbox 2255 1866 2311 1910; x_wconf 91' lang='lat' dir='ltr'>te</span> <span class='ocrx_word' id='word_1_221' title='bbox 2342 1861 2520 1911; x_wconf 90' lang='lat' dir='ltr'>etiam</span> 
     </span>
     <span class='ocr_line' id='line_1_23' title="bbox 316 1930 2519 1995; baseline 0 -14"><span class='ocrx_word' id='word_1_222' title='bbox 316 1930 456 1981; x_wconf 89' lang='lat' dir='ltr'>scire</span> <span class='ocrx_word' id='word_1_223' title='bbox 483 1933 720 1982; x_wconf 90' lang='lat' dir='ltr'>animus</span> <span class='ocrx_word' id='word_1_224' title='bbox 745 1930 909 1991; x_wconf 90' lang='lat' dir='ltr'>foret,</span> <span class='ocrx_word' id='word_1_225' title='bbox 941 1931 1243 1995; x_wconf 92' lang='lat' dir='ltr'>quomodo</span> <span class='ocrx_word' id='word_1_226' title='bbox 1269 1930 1549 1982; x_wconf 84' lang='lat' dir='ltr'>nostrates</span> <span class='ocrx_word' id='word_1_227' title='bbox 1576 1946 1648 1982; x_wconf 92' lang='lat' dir='ltr'>ex</span> <span class='ocrx_word' id='word_1_228' title='bbox 1674 1933 1761 1995; x_wconf 85' lang='lat' dir='ltr'>ijS‚</span> <span class='ocrx_word' id='word_1_229' title='bbox 1793 1933 1894 1995; x_wconf 93' lang='lat' dir='ltr'>qui</span> <span class='ocrx_word' id='word_1_230' title='bbox 1922 1931 2205 1982; x_wconf 90' lang='lat' dir='ltr'>mei-odio</span> <span class='ocrx_word' id='word_1_231' title='bbox 2231 1930 2519 1991; x_wconf 91' lang='lat' dir='ltr'>laborant,</span> 
     </span>
     <span class='ocr_line' id='line_1_24' title="bbox 318 2001 2519 2067; baseline 0 -15"><span class='ocrx_word' id='word_1_232' title='bbox 318 2001 578 2065; x_wconf 91' lang='lat' dir='ltr'>quosque</span> <span class='ocrx_word' id='word_1_233' title='bbox 593 2001 726 2053; x_wconf 91' lang='lat' dir='ltr'>satis</span> <span class='ocrx_word' id='word_1_234' title='bbox 740 2001 901 2063; x_wconf 90' lang='lat' dir='ltr'>nosti,</span> <span class='ocrx_word' id='word_1_235' title='bbox 918 2002 989 2054; x_wconf 94' lang='lat' dir='ltr'>de</span> <span class='ocrx_word' id='word_1_236' title='bbox 1004 2009 1257 2066; x_wconf 89' lang='lat' dir='ltr'>utroque</span> <span class='ocrx_word' id='word_1_237' title='bbox 1270 2002 1477 2067; x_wconf 91' lang='lat' dir='ltr'>scripto</span> <span class='ocrx_word' id='word_1_238' title='bbox 1491 2004 1899 2067; x_wconf 90' lang='lat' dir='ltr'>pronuncient.</span> <span class='ocrx_word' id='word_1_239' title='bbox 1915 2002 2128 2066; x_wconf 90' lang='lat' dir='ltr'>Neque</span> <span class='ocrx_word' id='word_1_240' title='bbox 2144 2004 2303 2053; x_wconf 92' lang='lat' dir='ltr'>enim</span> <span class='ocrx_word' id='word_1_241' title='bbox 2318 2002 2519 2053; x_wconf 91' lang='lat' dir='ltr'>dubito</span> 
     </span>
     <span class='ocr_line' id='line_1_25' title="bbox 317 2072 2518 2139; baseline 0 -15"><span class='ocrx_word' id='word_1_242' title='bbox 317 2072 580 2124; x_wconf 81' lang='lat' dir='ltr'>ursinum</span> <span class='ocrx_word' id='word_1_243' title='bbox 607 2079 662 2125; x_wconf 94' lang='lat' dir='ltr'>et</span> <span class='ocrx_word' id='word_1_244' title='bbox 686 2072 943 2125; x_wconf 90' lang='lat' dir='ltr'>ferinum</span> <span class='ocrx_word' id='word_1_245' title='bbox 968 2073 1113 2125; x_wconf 88' lang='lat' dir='ltr'>istud</span> <span class='ocrx_word' id='word_1_246' title='bbox 1138 2076 1210 2139; x_wconf 85' lang='lat' dir='ltr'>ijs</span> <span class='ocrx_word' id='word_1_247' title='bbox 1235 2073 1492 2125; x_wconf 93' lang='lat' dir='ltr'>multum</span> <span class='ocrx_word' id='word_1_248' title='bbox 1516 2073 1700 2139; x_wconf 90' lang='lat' dir='ltr'>solatij</span> <span class='ocrx_word' id='word_1_249' title='bbox 1730 2073 2085 2133; x_wconf 90' lang='lat' dir='ltr'>additurum,</span> <span class='ocrx_word' id='word_1_250' title='bbox 2114 2088 2233 2137; x_wconf 94' lang='lat' dir='ltr'>quo</span> <span class='ocrx_word' id='word_1_251' title='bbox 2259 2073 2518 2124; x_wconf 89' lang='lat' dir='ltr'>malevo-</span> 
     </span>
     <span class='ocr_line' id='line_1_26' title="bbox 316 2143 2518 2210; baseline 0 -15"><span class='ocrx_word' id='word_1_252' title='bbox 316 2143 561 2196; x_wconf 88' lang='lat' dir='ltr'>lentiam</span> <span class='ocrx_word' id='word_1_253' title='bbox 589 2147 892 2209; x_wconf 92' lang='lat' dir='ltr'>propriam</span> <span class='ocrx_word' id='word_1_254' title='bbox 921 2145 1119 2196; x_wconf 91' lang='lat' dir='ltr'>aliena</span> <span class='ocrx_word' id='word_1_255' title='bbox 1145 2145 1409 2209; x_wconf 92' lang='lat' dir='ltr'>probent,</span> <span class='ocrx_word' id='word_1_256' title='bbox 1442 2145 1754 2197; x_wconf 91' lang='lat' dir='ltr'>mendacia</span> <span class='ocrx_word' id='word_1_257' title='bbox 1781 2145 2122 2210; x_wconf 84' lang='lat' dir='ltr'>mendacijS,</span> <span class='ocrx_word' id='word_1_258' title='bbox 2156 2147 2401 2196; x_wconf 90' lang='lat' dir='ltr'>iniurias</span> <span class='ocrx_word' id='word_1_259' title='bbox 2433 2147 2518 2195; x_wconf 91' lang='lat' dir='ltr'>in-</span> 
     </span>
     <span class='ocr_line' id='line_1_27' title="bbox 317 2215 2519 2281; baseline 0 -15"><span class='ocrx_word' id='word_1_260' title='bbox 317 2218 499 2280; x_wconf 85' lang='lat' dir='ltr'>iurijS.</span> <span class='ocrx_word' id='word_1_261' title='bbox 521 2217 705 2280; x_wconf 91' lang='lat' dir='ltr'>Atqui</span> <span class='ocrx_word' id='word_1_262' title='bbox 725 2215 855 2267; x_wconf 88' lang='lat' dir='ltr'>haec</span> <span class='ocrx_word' id='word_1_263' title='bbox 876 2216 1289 2268; x_wconf 84' lang='lat' dir='ltr'>demonstratio</span> <span class='ocrx_word' id='word_1_264' title='bbox 1303 2216 1517 2268; x_wconf 93' lang='lat' dir='ltr'>talibus</span> <span class='ocrx_word' id='word_1_265' title='bbox 1531 2215 1792 2276; x_wconf 89' lang='lat' dir='ltr'>sufficiat,</span> <span class='ocrx_word' id='word_1_266' title='bbox 1815 2218 1917 2281; x_wconf 92' lang='lat' dir='ltr'>qui</span> <span class='ocrx_word' id='word_1_267' title='bbox 1930 2219 2164 2268; x_wconf 91' lang='lat' dir='ltr'>veriora</span> <span class='ocrx_word' id='word_1_268' title='bbox 2177 2231 2285 2267; x_wconf 92' lang='lat' dir='ltr'>nec</span> <span class='ocrx_word' id='word_1_269' title='bbox 2300 2221 2519 2276; x_wconf 90' lang='lat' dir='ltr'>amant,</span> 
     </span>
     <span class='ocr_line' id='line_1_28' title="bbox 317 2286 2519 2352; baseline 0 -14"><span class='ocrx_word' id='word_1_270' title='bbox 317 2302 426 2338; x_wconf 91' lang='lat' dir='ltr'>nec</span> <span class='ocrx_word' id='word_1_271' title='bbox 453 2290 712 2351; x_wconf 89' lang='lat' dir='ltr'>cupiunt,</span> <span class='ocrx_word' id='word_1_272' title='bbox 742 2303 851 2339; x_wconf 92' lang='lat' dir='ltr'>nec</span> <span class='ocrx_word' id='word_1_273' title='bbox 880 2287 1147 2339; x_wconf 90' lang='lat' dir='ltr'>tolerant.</span> <span class='ocrx_word' id='word_1_274' title='bbox 1177 2287 1271 2339; x_wconf 90' lang='lat' dir='ltr'>Ab</span> <span class='ocrx_word' id='word_1_275' title='bbox 1299 2287 1739 2339; x_wconf 89' lang='lat' dir='ltr'>Everhartianis</span> <span class='ocrx_word' id='word_1_276' title='bbox 1766 2287 2255 2352; x_wconf 92' lang='lat' dir='ltr'>Ephemeridibus</span> <span class='ocrx_word' id='word_1_277' title='bbox 2280 2286 2519 2351; x_wconf 90' lang='lat' dir='ltr'>solaque</span> 
     </span>
     <span class='ocr_line' id='line_1_29' title="bbox 318 2358 2518 2423; baseline -0 -13"><span class='ocrx_word' id='word_1_278' title='bbox 318 2373 525 2410; x_wconf 89' lang='lat' dir='ltr'>earum</span> <span class='ocrx_word' id='word_1_279' title='bbox 544 2358 916 2423; x_wconf 90' lang='lat' dir='ltr'>inscriptione</span> <span class='ocrx_word' id='word_1_280' title='bbox 937 2366 992 2410; x_wconf 92' lang='lat' dir='ltr'>et</span> <span class='ocrx_word' id='word_1_281' title='bbox 1010 2358 1357 2422; x_wconf 86' lang='lat' dir='ltr'>praefatione</span> <span class='ocrx_word' id='word_1_282' title='bbox 1378 2360 1656 2410; x_wconf 89' lang='lat' dir='ltr'>inducere</span> <span class='ocrx_word' id='word_1_283' title='bbox 1676 2359 1900 2422; x_wconf 88' lang='lat' dir='ltr'>possunt</span> <span class='ocrx_word' id='word_1_284' title='bbox 1921 2373 2007 2419; x_wconf 93' lang='lat' dir='ltr'>ea,</span> <span class='ocrx_word' id='word_1_285' title='bbox 2030 2374 2165 2422; x_wconf 85' lang='lat' dir='ltr'>quae</span> <span class='ocrx_word' id='word_1_286' title='bbox 2187 2373 2293 2423; x_wconf 93' lang='lat' dir='ltr'>ego</span> <span class='ocrx_word' id='word_1_287' title='bbox 2313 2364 2396 2409; x_wconf 93' lang='lat' dir='ltr'>tot</span> <span class='ocrx_word' id='word_1_288' title='bbox 2416 2373 2518 2409; x_wconf 92' lang='lat' dir='ltr'>an-</span> 
     </span>
     <span class='ocr_line' id='line_1_30' title="bbox 317 2427 2519 2493; baseline 0 -13"><span class='ocrx_word' id='word_1_289' title='bbox 317 2431 409 2480; x_wconf 91' lang='lat' dir='ltr'>nis</span> <span class='ocrx_word' id='word_1_290' title='bbox 434 2429 675 2481; x_wconf 91' lang='lat' dir='ltr'>molitus</span> <span class='ocrx_word' id='word_1_291' title='bbox 700 2429 842 2490; x_wconf 90' lang='lat' dir='ltr'>sum,</span> <span class='ocrx_word' id='word_1_292' title='bbox 872 2436 926 2481; x_wconf 93' lang='lat' dir='ltr'>et</span> <span class='ocrx_word' id='word_1_293' title='bbox 950 2430 1204 2481; x_wconf 90' lang='lat' dir='ltr'>necdum</span> <span class='ocrx_word' id='word_1_294' title='bbox 1232 2429 1467 2489; x_wconf 93' lang='lat' dir='ltr'>absolvi,</span> <span class='ocrx_word' id='word_1_295' title='bbox 1495 2430 1568 2481; x_wconf 91' lang='lat' dir='ltr'>ab</span> <span class='ocrx_word' id='word_1_296' title='bbox 1596 2430 1715 2481; x_wconf 91' lang='lat' dir='ltr'>alio</span> <span class='ocrx_word' id='word_1_297' title='bbox 1736 2430 1998 2493; x_wconf 91' lang='lat' dir='ltr'>quodam</span> <span class='ocrx_word' id='word_1_298' title='bbox 2020 2432 2141 2481; x_wconf 91' lang='lat' dir='ltr'>iam</span> <span class='ocrx_word' id='word_1_299' title='bbox 2161 2427 2395 2493; x_wconf 62' lang='lat' dir='ltr'>peracta</span> <span class='ocrx_word' id='word_1_300' title='bbox 2416 2430 2519 2480; x_wconf 86' lang='lat' dir='ltr'>esse</span> 
     </span>
     <span class='ocr_line' id='line_1_31' title="bbox 319 2499 2517 2565; baseline 0 -14"><span class='ocrx_word' id='word_1_301' title='bbox 319 2506 374 2552; x_wconf 93' lang='lat' dir='ltr'>et</span> <span class='ocrx_word' id='word_1_302' title='bbox 397 2500 535 2565; x_wconf 91' lang='lat' dir='ltr'>Regi</span> <span class='ocrx_word' id='word_1_303' title='bbox 559 2500 846 2561; x_wconf 91' lang='lat' dir='ltr'>dedicata;</span> <span class='ocrx_word' id='word_1_304' title='bbox 875 2507 938 2553; x_wconf 95' lang='lat' dir='ltr'>ut</span> <span class='ocrx_word' id='word_1_305' title='bbox 963 2508 1127 2553; x_wconf 92' lang='lat' dir='ltr'>tanto</span> <span class='ocrx_word' id='word_1_306' title='bbox 1154 2507 1443 2565; x_wconf 91' lang='lat' dir='ltr'>apparatu</span> <span class='ocrx_word' id='word_1_307' title='bbox 1463 2501 1888 2560; x_wconf 86' lang='lat' dir='ltr'>AstronomicO,</span> <span class='ocrx_word' id='word_1_308' title='bbox 1915 2500 2201 2564; x_wconf 89' lang='lat' dir='ltr'>tantisque</span> <span class='ocrx_word' id='word_1_309' title='bbox 2228 2499 2517 2564; x_wconf 78' lang='lat' dir='ltr'>impenHS,</span> 
     </span>
     <span class='ocr_line' id='line_1_32' title="bbox 317 2570 2518 2636; baseline -0 -13"><span class='ocrx_word' id='word_1_310' title='bbox 317 2578 492 2635; x_wconf 91' lang='lat' dir='ltr'>prout</span> <span class='ocrx_word' id='word_1_311' title='bbox 509 2587 615 2636; x_wconf 92' lang='lat' dir='ltr'>ego</span> <span class='ocrx_word' id='word_1_312' title='bbox 633 2571 758 2633; x_wconf 91' lang='lat' dir='ltr'>feci,</span> <span class='ocrx_word' id='word_1_313' title='bbox 780 2588 904 2623; x_wconf 94' lang='lat' dir='ltr'>non</span> <span class='ocrx_word' id='word_1_314' title='bbox 920 2572 1094 2624; x_wconf 91' lang='lat' dir='ltr'>fuerit</span> <span class='ocrx_word' id='word_1_315' title='bbox 1109 2587 1280 2636; x_wconf 93' lang='lat' dir='ltr'>opus;</span> <span class='ocrx_word' id='word_1_316' title='bbox 1301 2571 1562 2624; x_wconf 88' lang='lat' dir='ltr'>Tabulas</span> <span class='ocrx_word' id='word_1_317' title='bbox 1576 2574 1696 2623; x_wconf 91' lang='lat' dir='ltr'>iam</span> <span class='ocrx_word' id='word_1_318' title='bbox 1712 2572 1785 2623; x_wconf 92' lang='lat' dir='ltr'>ab</span> <span class='ocrx_word' id='word_1_319' title='bbox 1801 2572 1919 2623; x_wconf 92' lang='lat' dir='ltr'>alio</span> <span class='ocrx_word' id='word_1_320' title='bbox 1935 2573 2037 2623; x_wconf 89' lang='lat' dir='ltr'>esse</span> <span class='ocrx_word' id='word_1_321' title='bbox 2053 2570 2360 2632; x_wconf 55' lang='lat' dir='ltr'>conftha&amp;</span> <span class='ocrx_word' id='word_1_322' title='bbox 2383 2586 2518 2635; x_wconf 84' lang='lat' dir='ltr'>quae</span> 
     </span>
     <span class='ocr_line' id='line_1_33' title="bbox 319 2641 2518 2708; baseline -0 -14"><span class='ocrx_word' id='word_1_323' title='bbox 319 2643 421 2694; x_wconf 93' lang='lat' dir='ltr'>diu</span> <span class='ocrx_word' id='word_1_324' title='bbox 434 2642 639 2695; x_wconf 84' lang='lat' dir='ltr'>frustra</span> <span class='ocrx_word' id='word_1_325' title='bbox 653 2659 690 2695; x_wconf 92' lang='lat' dir='ltr'>a</span> <span class='ocrx_word' id='word_1_326' title='bbox 702 2659 798 2695; x_wconf 92' lang='lat' dir='ltr'>me</span> <span class='ocrx_word' id='word_1_327' title='bbox 814 2642 1291 2708; x_wconf 63' lang='lat' dir='ltr'>expectabantun</span> <span class='ocrx_word' id='word_1_328' title='bbox 1313 2646 1530 2694; x_wconf 91' lang='lat' dir='ltr'>minori</span> <span class='ocrx_word' id='word_1_329' title='bbox 1544 2646 1779 2708; x_wconf 89' lang='lat' dir='ltr'>negotio</span> <span class='ocrx_word' id='word_1_330' title='bbox 1794 2646 1916 2694; x_wconf 88' lang='lat' dir='ltr'>iam</span> <span class='ocrx_word' id='word_1_331' title='bbox 1931 2645 2134 2694; x_wconf 91' lang='lat' dir='ltr'>omnia</span> <span class='ocrx_word' id='word_1_332' title='bbox 2147 2641 2382 2707; x_wconf 64' lang='lat' dir='ltr'>peradia</span> <span class='ocrx_word' id='word_1_333' title='bbox 2397 2643 2518 2703; x_wconf 89' lang='lat' dir='ltr'>esse,</span> 
     </span>
     <span class='ocr_line' id='line_1_34' title="bbox 317 2714 2518 2778; baseline -0 -13"><span class='ocrx_word' id='word_1_334' title='bbox 317 2717 400 2765; x_wconf 90' lang='lat' dir='ltr'>ita</span> <span class='ocrx_word' id='word_1_335' title='bbox 419 2721 482 2765; x_wconf 95' lang='lat' dir='ltr'>ut</span> <span class='ocrx_word' id='word_1_336' title='bbox 502 2720 657 2766; x_wconf 92' lang='lat' dir='ltr'>totus</span> <span class='ocrx_word' id='word_1_337' title='bbox 676 2730 846 2767; x_wconf 92' lang='lat' dir='ltr'>meus</span> <span class='ocrx_word' id='word_1_338' title='bbox 865 2714 1162 2767; x_wconf 87' lang='lat' dir='ltr'>frustretur</span> <span class='ocrx_word' id='word_1_339' title='bbox 1181 2714 1363 2767; x_wconf 90' lang='lat' dir='ltr'>labor.</span> <span class='ocrx_word' id='word_1_340' title='bbox 1387 2715 1539 2766; x_wconf 89' lang='lat' dir='ltr'>Haec</span> <span class='ocrx_word' id='word_1_341' title='bbox 1558 2721 1612 2766; x_wconf 92' lang='lat' dir='ltr'>et</span> <span class='ocrx_word' id='word_1_342' title='bbox 1628 2714 1898 2766; x_wconf 91' lang='lat' dir='ltr'>sexcenta</span> <span class='ocrx_word' id='word_1_343' title='bbox 1911 2714 2030 2766; x_wconf 90' lang='lat' dir='ltr'>alia</span> <span class='ocrx_word' id='word_1_344' title='bbox 2045 2714 2398 2765; x_wconf 91' lang='lat' dir='ltr'>eiuscemodi</span> <span class='ocrx_word' id='word_1_345' title='bbox 2411 2729 2518 2778; x_wconf 91' lang='lat' dir='ltr'>pro</span> 
     </span>
     <span class='ocr_line' id='line_1_35' title="bbox 317 2784 2519 2850; baseline -0 -14"><span class='ocrx_word' id='word_1_346' title='bbox 317 2785 514 2850; x_wconf 87' lang='lat' dir='ltr'>iudicij</span> <span class='ocrx_word' id='word_1_347' title='bbox 546 2786 810 2838; x_wconf 90' lang='lat' dir='ltr'>libertate</span> <span class='ocrx_word' id='word_1_348' title='bbox 836 2786 936 2838; x_wconf 88' lang='lat' dir='ltr'>seu</span> <span class='ocrx_word' id='word_1_349' title='bbox 964 2789 1158 2850; x_wconf 92' lang='lat' dir='ltr'>potius</span> <span class='ocrx_word' id='word_1_350' title='bbox 1187 2786 1438 2846; x_wconf 90' lang='lat' dir='ltr'>levitate,</span> <span class='ocrx_word' id='word_1_351' title='bbox 1468 2786 1674 2850; x_wconf 91' lang='lat' dir='ltr'>procul</span> <span class='ocrx_word' id='word_1_352' title='bbox 1701 2785 1880 2837; x_wconf 93' lang='lat' dir='ltr'>dubio</span> <span class='ocrx_word' id='word_1_353' title='bbox 1907 2784 2433 2845; x_wconf 90' lang='lat' dir='ltr'>comminiscentur,</span> <span class='ocrx_word' id='word_1_354' title='bbox 2465 2791 2519 2836; x_wconf 91' lang='lat' dir='ltr'>et</span> 
     </span>
     <span class='ocr_line' id='line_1_36' title="bbox 317 2854 2519 2921; baseline 0 -14"><span class='ocrx_word' id='word_1_355' title='bbox 317 2856 503 2908; x_wconf 88' lang='lat' dir='ltr'>facilis</span> <span class='ocrx_word' id='word_1_356' title='bbox 519 2857 593 2908; x_wconf 83' lang='lat' dir='ltr'>est</span> <span class='ocrx_word' id='word_1_357' title='bbox 607 2857 869 2909; x_wconf 84' lang='lat' dir='ltr'>assensuS.</span> <span class='ocrx_word' id='word_1_358' title='bbox 886 2857 1036 2921; x_wconf 90' lang='lat' dir='ltr'>Quis</span> <span class='ocrx_word' id='word_1_359' title='bbox 1051 2860 1210 2909; x_wconf 91' lang='lat' dir='ltr'>enim</span> <span class='ocrx_word' id='word_1_360' title='bbox 1224 2857 1398 2909; x_wconf 89' lang='lat' dir='ltr'>Coelo</span> <span class='ocrx_word' id='word_1_361' title='bbox 1412 2856 1739 2908; x_wconf 90' lang='lat' dir='ltr'>inconsulto</span> <span class='ocrx_word' id='word_1_362' title='bbox 1753 2856 1883 2908; x_wconf 88' lang='lat' dir='ltr'>haec</span> <span class='ocrx_word' id='word_1_363' title='bbox 1898 2856 1974 2921; x_wconf 91' lang='lat' dir='ltr'>dij</span> <span class='ocrx_word' id='word_1_364' title='bbox 1981 2854 2263 2908; x_wconf 77' lang='lat' dir='ltr'>udicarit?</span> <span class='ocrx_word' id='word_1_365' title='bbox 2279 2855 2519 2908; x_wconf 89' lang='lat' dir='ltr'>Coelum</span> 
     </span>
     <span class='ocr_line' id='line_1_37' title="bbox 317 2926 2519 2993; baseline -0.001 -13"><span class='ocrx_word' id='word_1_366' title='bbox 317 2943 459 2979; x_wconf 91' lang='lat' dir='ltr'>vero</span> <span class='ocrx_word' id='word_1_367' title='bbox 472 2928 771 2980; x_wconf 90' lang='lat' dir='ltr'>consulere</span> <span class='ocrx_word' id='word_1_368' title='bbox 785 2929 1238 2993; x_wconf 91' lang='lat' dir='ltr'>quotusquisque</span> <span class='ocrx_word' id='word_1_369' title='bbox 1249 2931 1355 2980; x_wconf 92' lang='lat' dir='ltr'>rite</span> <span class='ocrx_word' id='word_1_370' title='bbox 1367 2926 1565 2980; x_wconf 78' lang='lat' dir='ltr'>novit?</span> <span class='ocrx_word' id='word_1_371' title='bbox 1577 2928 1690 2980; x_wconf 92' lang='lat' dir='ltr'>Sed</span> <span class='ocrx_word' id='word_1_372' title='bbox 1702 2927 1804 2979; x_wconf 92' lang='lat' dir='ltr'>suo</span> <span class='ocrx_word' id='word_1_373' title='bbox 1816 2934 2078 2991; x_wconf 91' lang='lat' dir='ltr'>tempore</span> <span class='ocrx_word' id='word_1_374' title='bbox 2090 2926 2323 2992; x_wconf 92' lang='lat' dir='ltr'>patebit,</span> <span class='ocrx_word' id='word_1_375' title='bbox 2337 2942 2519 2991; x_wconf 90' lang='lat' dir='ltr'>quam</span> 
     </span>
     <span class='ocr_line' id='line_1_38' title="bbox 318 2997 2518 3064; baseline -0 -14"><span class='ocrx_word' id='word_1_376' title='bbox 318 3014 530 3062; x_wconf 90' lang='lat' dir='ltr'>parum</span> <span class='ocrx_word' id='word_1_377' title='bbox 551 3006 653 3051; x_wconf 92' lang='lat' dir='ltr'>aut</span> <span class='ocrx_word' id='word_1_378' title='bbox 672 3002 867 3064; x_wconf 91' lang='lat' dir='ltr'>potius</span> <span class='ocrx_word' id='word_1_379' title='bbox 887 3000 1038 3052; x_wconf 90' lang='lat' dir='ltr'>nihil</span> <span class='ocrx_word' id='word_1_380' title='bbox 1055 3000 1129 3052; x_wconf 92' lang='lat' dir='ltr'>ab</span> <span class='ocrx_word' id='word_1_381' title='bbox 1148 2998 1633 3051; x_wconf 91' lang='lat' dir='ltr'>EVERHARTO</span> <span class='ocrx_word' id='word_1_382' title='bbox 1654 2999 1755 3050; x_wconf 86' lang='lat' dir='ltr'>isto</span> <span class='ocrx_word' id='word_1_383' title='bbox 1775 2999 2092 3063; x_wconf 85' lang='lat' dir='ltr'>praestitum</span> <span class='ocrx_word' id='word_1_384' title='bbox 2111 2998 2190 3059; x_wconf 88' lang='lat' dir='ltr'>fit,</span> <span class='ocrx_word' id='word_1_385' title='bbox 2211 2997 2518 3061; x_wconf 91' lang='lat' dir='ltr'>motusque</span> 
     </span>
     <span class='ocr_line' id='line_1_39' title="bbox 318 3069 2520 3135; baseline 0 -15"><span class='ocrx_word' id='word_1_386' title='bbox 318 3070 569 3121; x_wconf 90' lang='lat' dir='ltr'>fiderum</span> <span class='ocrx_word' id='word_1_387' title='bbox 583 3074 778 3135; x_wconf 92' lang='lat' dir='ltr'>potius</span> <span class='ocrx_word' id='word_1_388' title='bbox 790 3071 1128 3123; x_wconf 90' lang='lat' dir='ltr'>confufione</span> <span class='ocrx_word' id='word_1_389' title='bbox 1142 3071 1401 3135; x_wconf 92' lang='lat' dir='ltr'>quadam</span> <span class='ocrx_word' id='word_1_390' title='bbox 1411 3070 1709 3134; x_wconf 90' lang='lat' dir='ltr'>utriusque</span> <span class='ocrx_word' id='word_1_391' title='bbox 1722 3070 1931 3121; x_wconf 90' lang='lat' dir='ltr'>calculi</span> <span class='ocrx_word' id='word_1_392' title='bbox 1943 3069 2016 3121; x_wconf 88' lang='lat' dir='ltr'>fic</span> <span class='ocrx_word' id='word_1_393' title='bbox 2026 3072 2325 3121; x_wconf 91' lang='lat' dir='ltr'>intricatos</span> <span class='ocrx_word' id='word_1_394' title='bbox 2338 3084 2520 3133; x_wconf 89' lang='lat' dir='ltr'>quam</span> 
     </span>
     <span class='ocr_line' id='line_1_40' title="bbox 320 3139 2518 3206; baseline -0 -15"><span class='ocrx_word' id='word_1_395' title='bbox 320 3144 628 3193; x_wconf 90' lang='lat' dir='ltr'>extricatos</span> <span class='ocrx_word' id='word_1_396' title='bbox 650 3143 769 3203; x_wconf 90' lang='lat' dir='ltr'>esse,</span> <span class='ocrx_word' id='word_1_397' title='bbox 792 3142 943 3194; x_wconf 91' lang='lat' dir='ltr'>adeo</span> <span class='ocrx_word' id='word_1_398' title='bbox 963 3149 1026 3194; x_wconf 95' lang='lat' dir='ltr'>ut</span> <span class='ocrx_word' id='word_1_399' title='bbox 1046 3142 1212 3194; x_wconf 91' lang='lat' dir='ltr'>nullo</span> <span class='ocrx_word' id='word_1_400' title='bbox 1235 3148 1407 3202; x_wconf 85' lang='lat' dir='ltr'>cert0,</span> <span class='ocrx_word' id='word_1_401' title='bbox 1428 3141 1523 3193; x_wconf 91' lang='lat' dir='ltr'>sed</span> <span class='ocrx_word' id='word_1_402' title='bbox 1543 3141 1745 3193; x_wconf 88' lang='lat' dir='ltr'>saltem</span> <span class='ocrx_word' id='word_1_403' title='bbox 1763 3141 2046 3206; x_wconf 93' lang='lat' dir='ltr'>opinabili</span> <span class='ocrx_word' id='word_1_404' title='bbox 2062 3147 2116 3192; x_wconf 92' lang='lat' dir='ltr'>et</span> <span class='ocrx_word' id='word_1_405' title='bbox 2129 3156 2236 3204; x_wconf 93' lang='lat' dir='ltr'>pro</span> <span class='ocrx_word' id='word_1_406' title='bbox 2251 3139 2518 3192; x_wconf 91' lang='lat' dir='ltr'>authoris</span> 
     </span>
    </p>
   </div>
   <div class='ocr_carea' id='block_1_3' title="bbox 319 3208 2618 3280">
    <p class='ocr_par' dir='ltr' id='par_1_3' title="bbox 319 3208 2618 3280">
     <span class='ocr_line' id='line_1_41' title="bbox 319 3208 2618 3280; baseline -0.001 -17"><span class='ocrx_word' id='word_1_407' title='bbox 319 3212 558 3263; x_wconf 91' lang='lat' dir='ltr'>arbitrio</span> <span class='ocrx_word' id='word_1_408' title='bbox 591 3219 891 3277; x_wconf 90' lang='lat' dir='ltr'>utcunque</span> <span class='ocrx_word' id='word_1_409' title='bbox 923 3214 1204 3277; x_wconf 90' lang='lat' dir='ltr'>assumpto</span> <span class='ocrx_word' id='word_1_410' title='bbox 1235 3208 1546 3280; x_wconf 75' lang='lat' dir='ltr'>nitan-sstur</span> <span class='ocrx_word' id='word_1_411' title='bbox 1576 3212 1990 3272; x_wconf 88' lang='lat' dir='ltr'>fundamento;</span> <span class='ocrx_word' id='word_1_412' title='bbox 2025 3211 2184 3276; x_wconf 93' lang='lat' dir='ltr'>quod</span> <span class='ocrx_word' id='word_1_413' title='bbox 2215 3213 2411 3276; x_wconf 89' lang='lat' dir='ltr'>potius</span> <span class='ocrx_word' id='word_1_414' title='bbox 2443 3209 2518 3262; x_wconf 84' lang='lat' dir='ltr'>est</span> <span class='ocrx_word' id='word_1_415' title='bbox 2596 3229 2618 3247; x_wconf 75' lang='lat' dir='ltr'>v</span> 
     </span>
    </p>
   </div>
   <div class='ocr_carea' id='block_1_4' title="bbox 319 3281 2516 3348">
    <p class='ocr_par' dir='ltr' id='par_1_4' title="bbox 319 3281 2516 3348">
     <span class='ocr_line' id='line_1_42' title="bbox 319 3281 2516 3348; baseline -0 -15"><span class='ocrx_word' id='word_1_416' title='bbox 319 3282 756 3335; x_wconf 81' lang='lat' dir='ltr'>Astronomiam</span> <span class='ocrx_word' id='word_1_417' title='bbox 777 3285 1100 3348; x_wconf 90' lang='lat' dir='ltr'>depravare</span> <span class='ocrx_word' id='word_1_418' title='bbox 1122 3299 1304 3348; x_wconf 92' lang='lat' dir='ltr'>quam</span> <span class='ocrx_word' id='word_1_419' title='bbox 1326 3283 1663 3343; x_wconf 84' lang='lat' dir='ltr'>instaurare,</span> <span class='ocrx_word' id='word_1_420' title='bbox 1692 3283 1979 3335; x_wconf 81' lang='lat' dir='ltr'>destruere</span> <span class='ocrx_word' id='word_1_421' title='bbox 2004 3298 2186 3347; x_wconf 92' lang='lat' dir='ltr'>quam</span> <span class='ocrx_word' id='word_1_422' title='bbox 2206 3281 2516 3334; x_wconf 90' lang='lat' dir='ltr'>aedificare.</span> 
     </span>
    </p>
   </div>
   <div class='ocr_carea' id='block_1_5' title="bbox 320 3351 2519 3488">
    <p class='ocr_par' dir='ltr' id='par_1_5' title="bbox 320 3351 2519 3488">
     <span class='ocr_line' id='line_1_43' title="bbox 320 3351 2519 3474; baseline -0 -70"><span class='ocrx_word' id='word_1_423' title='bbox 320 3354 518 3405; x_wconf 92' lang='lat' dir='ltr'>Tuum</span> <span class='ocrx_word' id='word_1_424' title='bbox 539 3358 646 3406; x_wconf 92' lang='lat' dir='ltr'>erit</span> <span class='ocrx_word' id='word_1_425' title='bbox 665 3355 994 3407; x_wconf 92' lang='lat' dir='ltr'>nostrorum</span> <span class='ocrx_word' id='word_1_426' title='bbox 1013 3355 1345 3415; x_wconf 92' lang='lat' dir='ltr'>hominum,</span> <span class='ocrx_word' id='word_1_427' title='bbox 1366 3354 1683 3419; x_wconf 85' lang='lat' dir='ltr'>praesertim</span> <span class='ocrx_word' id='word_1_428' title='bbox 1705 3370 1928 3414; x_wconf 91' lang='lat' dir='ltr'>eorum,</span> <span class='ocrx_word' id='word_1_429' title='bbox 1951 3369 2100 3418; x_wconf 91' lang='lat' dir='ltr'>quos</span> <span class='ocrx_word' id='word_1_430' title='bbox 2119 3353 2280 3413; x_wconf 89' lang='lat' dir='ltr'>nosti,</span> <span class='ocrx_word' id='word_1_431' title='bbox 2301 3351 2519 3474; x_wconf 58' lang='lat' dir='ltr'>acrssffi</span> 
     </span>
     <span class='ocr_line' id='line_1_44' title="bbox 2447 3438 2519 3488; baseline 0.014 -15"><span class='ocrx_word' id='word_1_432' title='bbox 2447 3438 2519 3488; x_wconf 76' lang='lat' dir='ltr'>ijs</span> 
     </span>
    </p>
   </div>
   <div class='ocr_carea' id='block_1_6' title="bbox 2573 1092 2615 1126">
    <p class='ocr_par' dir='ltr' id='par_1_6' title="bbox 2573 1092 2615 1126">
     <span class='ocr_line' id='line_1_45' title="bbox 2573 1092 2615 1126; baseline 0 0"><span class='ocrx_word' id='word_1_433' title='bbox 2573 1092 2615 1126; x_wconf 89' lang='lat'>10</span> 
     </span>
    </p>
   </div>
   <div class='ocr_carea' id='block_1_7' title="bbox 2573 1447 2614 1482">
    <p class='ocr_par' dir='ltr' id='par_1_7' title="bbox 2573 1447 2614 1482">
     <span class='ocr_line' id='line_1_46' title="bbox 2573 1447 2614 1482; baseline 0.024 -1"><span class='ocrx_word' id='word_1_434' title='bbox 2573 1447 2614 1482; x_wconf 85' lang='grc'>15</span> 
     </span>
    </p>
   </div>
   <div class='ocr_carea' id='block_1_8' title="bbox 2563 1724 2615 1767">
    <p class='ocr_par' dir='ltr' id='par_1_8' title="bbox 2563 1724 2615 1767">
     <span class='ocr_line' id='line_1_47' title="bbox 2563 1724 2615 1767; baseline 0 -15"><span class='ocrx_word' id='word_1_435' title='bbox 2563 1724 2615 1767; x_wconf 78' lang='lat'>41·</span> 
     </span>
    </p>
   </div>
   <div class='ocr_carea' id='block_1_9' title="bbox 2569 1804 2615 1839">
    <p class='ocr_par' dir='ltr' id='par_1_9' title="bbox 2569 1804 2615 1839">
     <span class='ocr_line' id='line_1_48' title="bbox 2569 1804 2615 1839; baseline 0 0"><span class='ocrx_word' id='word_1_436' title='bbox 2569 1804 2615 1839; x_wconf 91' lang='grc'>20</span> 
     </span>
    </p>
   </div>
   <div class='ocr_carea' id='block_1_10' title="bbox 2569 2161 2614 2195">
    <p class='ocr_par' dir='ltr' id='par_1_10' title="bbox 2569 2161 2614 2195">
     <span class='ocr_line' id='line_1_49' title="bbox 2569 2161 2614 2195; baseline 0 0"><span class='ocrx_word' id='word_1_437' title='bbox 2569 2161 2614 2195; x_wconf 89' lang='grc'>25</span> 
     </span>
    </p>
   </div>
   <div class='ocr_carea' id='block_1_11' title="bbox 2567 2872 2614 2907">
    <p class='ocr_par' dir='ltr' id='par_1_11' title="bbox 2567 2872 2614 2907">
     <span class='ocr_line' id='line_1_50' title="bbox 2567 2872 2614 2907; baseline 0 0"><span class='ocrx_word' id='word_1_438' title='bbox 2567 2872 2614 2907; x_wconf 86' lang='grc'>35</span> 
     </span>
    </p>
   </div>
  </div>
 </body>
</html>
