2678 4022
106 1443 148 1478 15

100 2155 147 2190 25

101 2867 146 2901 35

70 3000 183 3043 137v

102 3222 148 3256 40

199 286 503 339 TYCHO
530 286 652 338 AD
679 285 832 339 IOS.
860 285 1436 338 SCALIGERUM
1464 287 1525 339 17
1551 286 1714 338 VEL
1740 286 1814 337 23
1841 285 2043 338 AUG.
2071 286 2218 338 1598
2318 285 2399 337 101

200 435 256 480 et
275 428 427 480 Zoili
447 443 571 480 non
591 427 739 493 alijs,
766 427 862 479 sed
881 427 1115 492 fibiipfis
1139 426 1470 487 detrahunt,
1498 427 1781 492 suamque
1805 428 2134 480 fatuitatem
2154 427 2399 479 cordati-

200 500 400 552 oribus
413 499 667 552 ludibrio
683 505 1004 563 exponunt,
1019 505 1083 550 ut
1096 501 1363 563 graviore
1379 514 1528 562 opus
1543 515 1666 551 non
1680 499 1938 552 habeant
1949 497 2203 552 vindic'ta
2218 514 2400 563 quam

198 573 454 636 propria.
482 570 597 622 His
620 572 819 634 itaque
842 570 1226 634 praetermissis
1248 576 1302 621 et
1321 569 1552 621 sublimi
1573 570 1865 635 firmoque
1886 573 2089 623 animo
2112 570 2399 634 posthabi-

197 644 286 702 tis,
314 642 390 694 ad
414 657 484 693 ea
508 657 643 705 quae
665 643 1061 706 cognitionem
1081 656 1205 692 non
1224 640 1576 705 postremam
1595 641 1843 706 sapiunt,
1866 648 1920 693 et
1940 658 1976 694 a
1995 649 2050 694 te
2071 650 2235 694 mota
2252 641 2399 701 sunt,
2479 688 2483 693 .

200 713 567 765 accedamus

269 783 631 848 Sphalmata,
647 798 783 847 quae
796 783 1181 835 Eruditissimo
1192 789 1296 835 tuo
1307 783 1616 844 volumini,
1632 784 1820 835 arduo
1834 784 2182 848 summoque
2197 783 2399 836 labore

198 862 540 919 comparato
555 855 627 907 de
643 854 1071 906 Emendatione
1088 861 1423 918 temporum
1444 870 1548 918 per
1568 857 1858 906 incuriam
1879 855 2143 919 aliquam
2163 855 2399 920 irrepse-

197 933 350 986 runt,
365 941 544 978 nemo
559 926 888 990 intelligens
903 932 957 977 et
971 925 1096 977 sani
1110 926 1306 991 iudicij
1324 926 1427 977 tibi
1440 928 1763 990 imputarit;
1779 926 1874 977 sed
1888 934 1990 978 aut
2003 926 2399 992 Typographo

198 1004 301 1050 aut
321 1000 781 1062 occupationum
799 1003 1040 1048 tuarum
1058 997 1220 1049 moli.
1242 996 1413 1049 Talia
1434 1000 1612 1048 etiam
1631 997 1779 1048 mihi
1804 997 1867 1061 (fi
1886 1013 2071 1062 parva
2090 998 2222 1049 licet
2243 1013 2399 1049 com-

196 1084 419 1133 ponere
445 1068 698 1134 magnis)
725 1071 788 1120 in
813 1071 962 1120 meis
989 1084 1228 1133 quoque
1256 1068 1423 1120 editis
1445 1067 1680 1132 scriptiS‚
1707 1069 1809 1120 ubi
1831 1083 1902 1120 ea
1922 1069 2120 1121 denuo
2141 1069 2398 1133 inspici0,

196 1140 438 1192 subinde
459 1141 745 1205 contigisse
766 1139 1192 1200 animadvertO,
1215 1155 1350 1204 quae
1370 1146 1572 1191 tamen
1591 1155 1770 1191 nemo
1791 1139 1896 1191 nifi
1916 1140 2109 1191 malus
2126 1147 2181 1191 et
2194 1141 2398 1192 verbo-

196 1227 329 1263 rum
358 1213 555 1275 potius
581 1227 763 1276 quam
789 1226 989 1262 rerum
1015 1211 1232 1263 otiosus
1262 1211 1574 1263 aestimator
1604 1211 1911 1263 cavillatus
1940 1211 2129 1263 fuerit.
2147 1211 2400 1263 ‘Nostras

197 1281 690 1347 aequinodtiorum
717 1281 1151 1334 observationes
1176 1289 1483 1347 tantopere
1503 1298 1540 1334 a
1559 1289 1614 1334 te
1641 1282 1879 1346 probari
1902 1283 2227 1346 plurimum
2252 1282 2401 1334 mihi

197 1353 588 1419 congratulor.
616 1354 686 1406 Et
704 1353 746 1405 fi
765 1353 964 1406 liceret
982 1353 1132 1405 mihi
1152 1354 1223 1406 de
1243 1356 1391 1405 meis
1411 1356 1665 1406 inventis
1685 1353 1760 1413 id,
1783 1354 1943 1418 quod
1963 1369 2055 1405 res
2077 1353 2167 1413 est,
2194 1353 2399 1414 testari,

196 1425 385 1477 multo
413 1425 551 1478 sane
581 1441 730 1477 auro
759 1425 1129 1485 redimerem,
1162 1426 1601 1477 Antecessorum
1633 1425 1963 1477 nostrorum
1991 1424 2106 1477 five
2134 1432 2402 1477 veterum

196 1496 312 1549 five
340 1499 665 1549 recentium
692 1502 815 1549 tam
844 1496 1127 1561 exquisita
1156 1496 1457 1562 diligentia
1485 1496 1913 1549 administratas
1944 1496 2100 1548 fuisse
2133 1496 2398 1548 animad-

196 1567 505 1620 verfioneS.
541 1568 716 1620 Certe
748 1570 894 1620 anni
923 1567 1188 1620 Coelestis
1216 1567 1568 1620 subtilissima
1598 1567 1897 1629 dimenfio,
1928 1583 1965 1620 a
1994 1583 2114 1632 qua
2144 1567 2402 1632 plurima

197 1639 317 1692 alia
342 1639 690 1703 dependent,
717 1654 828 1691 nos
854 1655 978 1691 non
1002 1642 1085 1692 ita
1109 1637 1462 1691 fluctuantes
1489 1646 1543 1691 et
1568 1642 1822 1691 incertos
1848 1639 2128 1691 redderet.
2160 1639 2313 1692 Solis
2338 1641 2401 1690 in

197 1708 636 1775 aequinotstialia
661 1709 879 1775 pundla
902 1711 1208 1776 ingressum
1238 1711 1507 1771 dimetiri,
1538 1711 1760 1763 nedum
1790 1710 1925 1771 alia,
1955 1711 2057 1763 ubi
2087 1711 2400 1762 declinatio

197 1784 324 1834 eius
337 1784 537 1833 minus
551 1784 756 1842 variat,
778 1781 973 1834 altiori
988 1781 1207 1847 indiget
1222 1782 1530 1834 molimine
1546 1798 1728 1846 quam
1747 1789 2001 1847 putatur,
2023 1781 2121 1847 alij
2128 1781 2266 1846 sque
2280 1797 2399 1833 me-

197 1853 307 1918 dijs
323 1859 378 1905 et
393 1853 663 1918 OrganiS‚
686 1869 868 1918 quam
881 1853 976 1904 vel
990 1854 1286 1917 Antiquos
1307 1856 1370 1905 in
1389 1853 1497 1905 usu
1515 1853 1788 1914 habuisse,
1810 1860 1911 1905 aut
1933 1855 2110 1905 etiam
2130 1852 2399 1905 REGIO-

196 1924 687 1977 MONTANUM
718 1931 773 1976 et
800 1923 1332 1977 COPERNICUM
1363 1940 1689 1989 eorumque
1720 1932 2054 1976 coaetaneos
2084 1924 2399 1976 adhibuisse

195 1995 460 2061 legimuS‚
482 1996 715 2060 indiget.
739 1995 984 2060 Oportet
1005 1998 1165 2047 enim
1187 2012 1258 2048 ea
1277 2002 1441 2048 tanta
1459 2003 1700 2060 tamque
1720 1995 1899 2047 solide
1915 2002 1970 2047 et
1984 1995 2261 2060 exquifite
2283 1995 2398 2047 ela-

195 2066 402 2119 borata
431 2068 552 2126 esse,
585 2074 650 2119 ut
678 2069 833 2119 intra
860 2066 1081 2119 sextam
1111 2067 1334 2120 Minuti
1362 2070 1542 2119 unius
1570 2074 1798 2131 partem
1827 2067 2218 2119 Altitudinem
2247 2066 2399 2119 Solis

195 2138 589 2190 meridianam
610 2138 932 2190 discernere
954 2145 1190 2203 queant.
1218 2139 1345 2191 Nec
1366 2141 1472 2191 uni
1491 2138 1586 2190 sed
1609 2138 1876 2203 pluribus
1898 2141 2094 2202 potius
2114 2138 2398 2198 standum,

196 2209 510 2261 collatione
525 2216 816 2270 accurata,
831 2216 1006 2274 prout
1020 2225 1057 2262 a
1069 2210 1242 2261 nobis
1255 2225 1380 2262 non
1393 2210 1595 2262 saltem
1608 2209 1711 2261 illo
1727 2209 1886 2274 quod
1900 2209 2218 2273 produxisti
2230 2211 2398 2273 quin-

196 2283 476 2345 quenni0,
496 2280 593 2332 sed
614 2287 670 2332 et
687 2281 956 2345 plurimis
971 2281 1104 2346 alijs
1118 2281 1311 2333 Annis
1325 2284 1454 2346 pari
1467 2281 1807 2346 praecifione
1821 2279 2146 2332 factitatum
2161 2280 2251 2332 est.
2273 2280 2398 2332 Ha-

194 2351 390 2403 benda
416 2354 593 2404 etiam
620 2355 770 2404 ratio
797 2352 1175 2404 Parallaxeos
1201 2352 1371 2412 Solis,
1401 2359 1528 2404 tum
1558 2368 1796 2417 quoque
1825 2350 2189 2404 refractionis
2214 2354 2277 2403 in
2303 2352 2398 2403 de-

196 2423 435 2475 cliviore
461 2423 782 2487 praesertim
807 2423 930 2475 fitu.
959 2423 1113 2487 Quae
1141 2426 1346 2476 omnia
1372 2439 1509 2476 cum
1527 2423 1782 2475 vetustus
1802 2423 1905 2475 ille·
1922 2430 1977 2475 et
1997 2426 2060 2475 in
2078 2422 2399 2475 scrutandis

196 2494 612 2546 Luminarium
630 2494 887 2547 motibus
907 2494 1374 2547 laboriofissimus
1392 2494 1902 2548 HIPPARCHUS
1918 2497 2018 2546 vix
2038 2497 2397 2559 praecaverit,

195 2581 320 2617 non
338 2568 558 2618 mirum
579 2565 669 2626 est,
691 2566 866 2631 ipsius
879 2564 1398 2630 AEquinofflorum
1412 2566 1716 2618 observata
1731 2573 2035 2631 tantopere
2051 2565 2398 2625 claudicare,

194 2643 259 2689 ut
278 2639 433 2689 intra
452 2637 569 2689 diei
589 2638 981 2702 quadrantem
1000 2637 1235 2702 sibiipsis
1249 2653 1373 2690 non
1388 2637 1766 2690 consentiant.
1789 2637 1943 2701 Quae
1958 2644 2159 2689 tamen
2172 2637 2397 2701 aliqua-

194 2715 366 2760 tenus
386 2711 537 2760 inter
555 2708 612 2760 se
633 2708 708 2760 ob
728 2706 1147 2761 refractionum
1168 2716 1223 2761 et
1242 2709 1638 2763 Parallaxeoev
1658 2707 1950 2774 neglectas
1968 2708 2398 2773 implicationes

196 2779 510 2831 conciliare
529 2783 905 2832 tentavimus,
932 2780 1012 2832 At
1030 2783 1131 2832 vix
1152 2783 1306 2833 intra
1326 2781 1475 2832 duas
1494 2781 1590 2832 vel
1609 2787 1724 2832 tres
1747 2780 1927 2832 horas
1953 2780 2011 2831 id
2037 2779 2306 2843 praestare
2332 2779 2397 2830 li-

197 2853 330 2911 cuit,
353 2866 488 2902 cum
508 2851 972 2911 instrumentum,
994 2867 1114 2916 quo
1134 2851 1271 2904 usus
1293 2851 1383 2911 est,
1405 2851 1629 2917 fingula
1649 2851 1888 2903 Minuta
1907 2866 2032 2903 non
2052 2850 2396 2911 exhibuerit,

195 2921 291 2973 sed
320 2921 691 2974 solummodo
721 2923 1137 2975 duodecimam
1168 2923 1275 2986 (uti
1305 2923 1540 2987 opinor)
1573 2923 1787 2988 gradus
1819 2929 2062 2987 partem.
2097 2921 2274 2984 Quod
2302 2921 2398 2972 vel

197 2992 314 3057 ipse
340 2993 548 3056 prodit,
577 2993 720 3045 dum
745 2996 922 3045 nimis
947 2993 1068 3046 lato
1090 2989 1111 3062 ΙΙ
1131 2994 1311 3046 modo
1332 2991 1712 3058 AEquinoctia
1734 2996 1919 3045 autin
1939 2993 2268 3044 Horizonte
2296 2999 2398 3044 aut

197 3063 554 3123 Meridiano,
575 3063 837 3129 neglecta
850 3065 1069 3129 ubique
1083 3064 1180 3117 sex
1194 3065 1480 3117 horarum
1496 3065 1841 3124 differentia,
1858 3064 2143 3128 contigisse
2158 3064 2398 3115 assumat

195 3137 391 3199 potius
405 3150 588 3198 quam
602 3135 961 3199 persuadeat,
976 3135 1091 3188 suis
1105 3138 1389 3188 nimirum
1402 3139 1557 3188 intra
1569 3136 1679 3188 has
1693 3142 1879 3187 metas
1894 3134 2114 3186 diffisus
2127 3134 2396 3199 Organis,

197 3205 734 3258 PTOLEMAEUM
756 3207 996 3270 quidem
1017 3207 1211 3259 adhuc
1232 3210 1450 3259 minori
1471 3207 1814 3259 certitudine
1835 3206 1964 3258 haec
1979 3212 2035 3257 et
2048 3205 2167 3258 alia
2185 3205 2396 3257 scruta-

196 3283 339 3336 tum,
366 3277 554 3329 multa
573 3277 647 3329 ab
667 3276 790 3341 ipso
811 3293 898 3338 ea,
926 3293 1046 3342 qua
1066 3294 1216 3343 opus
1236 3278 1360 3338 fuit,
1387 3278 1727 3343 praecifione
1753 3293 1877 3329 non
1904 3276 2213 3328 enucleata
2237 3283 2395 3340 pate-

196 3346 434 3399 faciunt.
456 3348 736 3400 Attamen
752 3348 920 3400 illum
938 3355 1127 3401 totum
1142 3350 1297 3401 diem
1313 3353 1375 3401 in
1390 3349 1722 3414 ingressibus
1735 3345 2252 3412 AEquinoc‘tiorum
2271 3347 2395 3398 hal-

2070 3418 2395 3470 lucinatum
