2678 4022
315 287 407 338 132
850 284 1288 337 EPISTOLAE
1314 284 1983 336 ASTRONOMICAE

315 428 534 480 Caesari
560 427 634 479 ab
660 429 880 478 intimis
908 426 1173 491 confiliJ'S‚
1202 426 1536 478 Caesaream
1557 426 1750 478 Matem
1776 426 2127 490 perlibenter
2153 426 2224 478 de
2251 441 2387 477 meo
2413 426 2511 477 ad-

313 506 494 550 ventu
520 498 867 557 intellexisse‚
898 504 1080 561 utque
1107 497 1347 549 Dresdae
1373 497 1468 548 vel
1494 498 1632 549 alibi
1659 500 1722 548 in
1746 500 1965 549 vicinia
1989 497 2294 556 subsistam,
2326 497 2512 548 donec

314 570 454 622 aula
491 569 876 633 recolligatur,
917 584 1152 632 cupere;
1191 571 1416 620 interea
1454 569 1525 620 de
1563 568 1711 628 loco,
1750 568 1851 620 ubi
1890 568 2199 619 commode
2239 567 2513 619 collocari

312 642 528 705 possim‚
556 641 805 704 benigne
833 642 1102 704 cogitare.
1131 639 1269 702 Quo
1296 639 1565 704 responso
1590 646 1827 703 accepto
1856 639 1973 703 (cui
1993 641 2171 691 etiam
2191 638 2400 690 lubens
2421 654 2512 690 ac-

314 714 527 775 quievi,
550 726 685 762 cum
704 710 1095 775 periculosum
1113 711 1260 762 alias
1277 710 1425 762 foret
1439 710 1791 762 Bohemiam
1806 709 2052 775 ingredi)
2067 725 2163 761 me
2177 709 2294 761 huc
2307 710 2511 761 Witte-

312 782 551 846 bergam
585 797 720 833 cum
752 784 900 833 meis
932 785 1140 846 recepi.
1175 781 1294 834 Ubi
1324 782 1455 833 Deo
1485 781 1719 833 volente
1748 781 2079 846 hybernare
2110 780 2389 841 constitui,
2418 780 2514 832 vel

312 853 513 905 saltem
527 853 714 904 donec
730 869 766 904 a
782 853 1013 905 Caesare
1030 868 1258 914 avocer,
1281 869 1459 917 quem
1476 853 1590 904 scio
1604 852 1752 903 mihi
1767 858 1822 903 et
1835 855 1983 903 meis
2003 851 2178 903 rebus
2199 851 2514 903 clementer

313 940 381 975 ac
407 924 553 975 serio
576 923 792 984 favere,
815 919 835 991 ΙΙ
856 924 1034 987 idque
1053 926 1279 975 maiore
1300 924 1483 975 studio
1506 930 1559 975 et
1581 923 1861 975 desiderio
1883 938 2065 987 quam
2087 963 2098 974 .
2116 963 2127 974 .
2146 963 2157 974 .
2173 925 2276 973 nia
2294 921 2513 975 sactum
2592 941 2614 959 v

314 995 404 1055 est,
426 995 591 1059 spero
613 998 790 1047 etiam
811 995 1070 1047 constant
1086 1036 1097 1047 .
1115 1036 1155 1047 ..
1179 995 1418 1046 Interim
1437 1010 1578 1046 vero
1599 994 1743 1046 dum
1762 994 1859 1046 hic
1880 995 2043 1059 deg0‚
2065 993 2358 1045 nonnulla
2378 1008 2514 1058 quae

311 1069 374 1117 in
395 1066 670 1130 operibus
696 1069 844 1117 meis
870 1067 1140 1118 nondum
1160 1064 1654 1132 Typograph[ico]
1677 1065 1879 1117 labore
1900 1065 2165 1117 absoluta
2183 1064 2329 1124 sunt,
2357 1080 2512 1116 com-

311 1137 471 1201 plere
493 1140 730 1188 animus
751 1137 841 1197 est,
864 1139 987 1188 una
1007 1153 1143 1189 cum
1163 1140 1234 1202 ijs
1256 1153 1391 1201 quae
1413 1137 1633 1189 Caesari
1653 1137 1949 1201 speciatim
1969 1136 2264 1188 destinavi.
2289 1136 2514 1187 Habito

313 1214 511 1260 autem
532 1208 629 1259 hic
648 1209 1026 1273 Wittebergae
1046 1211 1108 1259 in
1130 1209 1371 1267 aedibus,
1395 1224 1530 1272 quae
1552 1208 1694 1259 olim
1717 1214 1882 1259 erant
1903 1210 2142 1272 optimae
2162 1207 2513 1258 recordatio-

311 1282 403 1331 nis
418 1280 748 1330 PHILIPPI
763 1279 1432 1339 MELANCHTONIS,
1453 1295 1612 1331 nunc
1626 1279 1978 1339 PEUCERI,
1998 1278 2292 1342 inquilino
2308 1293 2515 1329 earum

311 1366 407 1402 me
430 1353 754 1414 excipiente
776 1351 1041 1402 Domino
1063 1348 1318 1402 Doctore
1340 1350 1723 1402 IOHANNE
1744 1349 2099 1402 IESSENIO
2120 1348 2513 1413 Philosophiae

314 1428 368 1473 et
400 1422 719 1473 Medicinae
753 1419 1025 1473 Dodmre.
1060 1421 1180 1484 Qui
1213 1429 1275 1472 ut
1309 1421 1383 1472 est
1414 1424 1504 1472 vir
1535 1421 1807 1486 syncerus
1841 1427 1895 1472 et
1926 1421 2244 1480 humanm,
2277 1422 2513 1484 meique

312 1494 747 1553 amantissimuS,
774 1492 1085 1556 plusquam
1111 1492 1416 1543 dimidiam
1437 1493 1657 1544 aedium
1682 1498 1909 1556 partem
1935 1507 2042 1556 pro
2068 1506 2164 1542 me
2192 1497 2247 1542 et
2271 1505 2407 1542 mea
2432 1490 2514 1542 fa-

311 1563 477 1615 milia
496 1564 947 1615 inhabitandam
966 1564 1216 1628 benigne
1239 1564 1514 1623 concessit‚
1542 1566 1623 1614 ita
1649 1569 1712 1614 ut
1738 1563 2020 1614 mediocri
2046 1562 2143 1613 hic
2162 1561 2325 1614 fruar
2345 1577 2514 1627 opor-

311 1637 574 1695 tunitate,
598 1635 784 1686 donec
805 1650 897 1686 res
917 1650 1069 1686 meae
1089 1635 1459 1698 providentia
1473 1634 1674 1686 divina
1689 1634 2023 1685 uberiorem
2038 1633 2515 1685 commoditatem

311 1706 524 1757 sortitae
544 1706 776 1757 fuerint.
803 1706 966 1758 Curo
987 1711 1187 1757 autem
1207 1722 1367 1757 nunc
1387 1706 1600 1757 adduci
1620 1705 2065 1769 Wandesburgo
2085 1704 2375 1756 familiam
2393 1719 2514 1756 me-

312 1793 410 1828 am
431 1777 780 1841 muliebrem
800 1779 1051 1841 proprijs
1073 1777 1354 1836 curribuS,
1376 1792 1480 1840 per
1500 1776 1691 1827 filium
1710 1775 2073 1841 Tychonem‚
2100 1791 2208 1840 pro
2229 1771 2250 1844 ΙΙ
2272 1791 2392 1839 qua
2413 1816 2424 1827 .
2442 1816 2454 1827 .
2472 1816 2483 1827 .
2502 1816 2513 1827 .

314 1888 622 1900 ...........
642 1889 653 1913 2
675 1848 863 1899 donec
891 1848 1144 1912 amplior
1168 1848 1405 1899 volente
1432 1848 1697 1899 Numine
1721 1863 1757 1899 a
1782 1847 2015 1900 Caesare
2041 1848 2212 1899 nobis
2239 1847 2515 1899 omnibus

313 1920 601 1970 concessus
627 1919 815 1970 fuerit.
846 1919 1034 1971 Cuius
1061 1922 1123 1969 in
1150 1919 1457 1970 arbitrium
1480 1926 1635 1970 totus
1659 1922 1798 1970 mi..
1817 1959 1828 1970 .
1852 1918 2142 1970 clauditur
2162 1918 2335 1970 orbiS.
2364 1918 2516 1970 Haec

311 1990 585 2042 brevibus
611 1990 931 2055 significare
952 1990 1116 2041 volui
1137 1990 1211 2042 ob
1232 1997 1491 2041 veterem
1511 1993 1662 2041 inter
1681 2006 1791 2042 nos
1811 1990 2298 2050 neeessitudinem‚
2327 2005 2402 2041 ne
2429 2005 2515 2041 re-

311 2078 444 2113 rum
459 2061 786 2113 nostrarum
800 2061 1013 2112 inscius
1029 2062 1178 2121 esses,
1195 2068 1297 2113 aut
1311 2077 1406 2113 me
1421 2064 1506 2112 tui
1520 2065 1933 2113 immemorem
1947 2060 2328 2125 suspicareris.
2345 2060 2515 2112 Forte

310 2139 511 2184 tamen
522 2132 730 2184 similia
742 2139 844 2184 aut
855 2132 947 2184 his
958 2133 1131 2196 plura
1142 2148 1179 2184 a
1190 2133 1349 2197 Mag.
1365 2132 1900 2185 CHRISTIERNO
1917 2131 2308 2184 SEVERINO
2324 2131 2513 2183 LON-

313 2203 866 2264 GOMONTANO,
899 2220 1034 2255 meo
1067 2204 1417 2268 aliquandiu
1450 2204 1777 2264 domestic0,
1809 2206 1911 2268 qui
1941 2206 2118 2255 etiam
2146 2218 2242 2255 me
2272 2202 2515 2268 Magde-

310 2276 562 2340 burgum
583 2278 893 2326 comitatus
915 2275 988 2326 est
1010 2282 1064 2326 et
1086 2275 1478 2339 Gynaecaeum
1497 2291 1700 2326 meum
1719 2276 1877 2327 idem
1896 2273 2409 2339 Wandesburgum
2428 2289 2514 2326 re-

313 2347 493 2406 duxit,
524 2346 865 2397 intellexisti.
900 2346 1171 2397 Relatum
1202 2349 1362 2397 enim
1390 2346 1538 2397 mihi
1569 2346 1642 2397 est
1673 2362 1811 2397 eum
1841 2346 2001 2411 Ripis
2033 2361 2223 2410 nuper
2254 2344 2426 2406 fuisse,
2462 2351 2517 2396 et

311 2433 477 2468 meas
502 2417 683 2468 isthuc
704 2417 779 2468 ad
801 2432 939 2468 eum
958 2417 1212 2480 perlatas
1235 2418 1337 2468 esse
1358 2416 1572 2476 literaS,
1602 2433 1749 2480 quas
1775 2417 1878 2477 illi,
1906 2432 2087 2481 quam
2113 2418 2373 2481 primum
2397 2415 2516 2467 huc

311 2491 465 2548 veni,
494 2488 788 2539 destinavi.
821 2487 1027 2552 Scripsi
1052 2504 1211 2539 nunc
1239 2494 1293 2539 et
1320 2488 1533 2539 alteras
1561 2488 1769 2547 eidem,
1800 2488 1915 2539 five
1941 2487 2100 2539 isthic
2127 2487 2242 2538 five
2268 2486 2409 2538 alibi
2434 2486 2514 2547 fit,

311 2559 642 2611 tradendas,
672 2559 849 2621 Quod
873 2559 913 2610 fi
936 2574 1039 2623 per
1059 2559 1208 2610 alios
1230 2560 1566 2622 expeditum
1587 2575 1710 2610 non
1730 2559 1919 2618 fuerit,
1941 2575 1978 2610 a
1996 2565 2051 2610 te
2072 2558 2201 2610 fieri
2220 2573 2514 2622 cuperem,

312 2631 651 2694 ubicunque
679 2645 817 2681 eum
842 2633 1064 2681 morari
1091 2630 1252 2681 nosti.
1274 2630 1421 2681 Vale
1443 2646 1578 2681 cum
1603 2637 1726 2682 tota
1752 2630 1948 2690 dom0‚
1975 2629 2221 2681 salutata
2241 2645 2278 2681 a
2296 2644 2393 2681 me
2413 2636 2516 2681 tua

313 2703 561 2766 coniuge
581 2707 972 2765 peramanter.
996 2696 1016 2768 ΙΙ

382 2773 491 2824 Per
516 2772 676 2823 hunc
701 2788 843 2823 vero
870 2771 1272 2824 Tabellarium
1301 2812 1460 2823 ......
1475 2775 1606 2831 tiuS‚
1637 2788 1773 2823 cum
1802 2788 1925 2823 non
1953 2787 2089 2823 raro
2114 2771 2515 2836 Witebergam
2595 2789 2617 2806 v

315 2843 557 2908 [litejras
571 2844 838 2895 mittendi
853 2844 1020 2895 detur
1034 2842 1274 2903 occasio,
1290 2843 1548 2894 rescribe.
1563 2844 1899 2907 Iterumque
1911 2843 2044 2895 vale
2058 2849 2112 2894 et
2123 2842 2355 2894 Praefidi
2366 2845 2516 2895 arcis

311 2915 511 2966 vestrae
533 2915 604 2966 de
624 2930 720 2965 me
741 2914 986 2966 salutem
1005 2917 1216 2966 nuntia
1236 2916 1359 2965 una
1379 2930 1513 2965 cum
1538 2914 1668 2979 alijs
1693 2917 1914 2975 amiciS‚
1941 2914 1982 2965 fi
2009 2929 2158 2978 quos
2183 2913 2330 2965 forte
2358 2914 2517 2978 apud

311 3002 418 3038 vos
451 2985 644 3037 habeo
677 2985 950 3037 refiduos,
988 2986 1199 3036 Precor
1230 2986 1397 3036 vobis
1431 2986 1706 3037 omnibus
1737 2986 1986 3037 Annum
2018 2985 2178 3037 hunc
2210 2984 2517 3037 instantem

313 3057 677 3121 auspicatum
710 3063 764 3108 et
795 3057 1101 3108 salubrem.
1137 3056 1381 3120 Iamque
1413 3059 1650 3107 tertium
1683 3063 1737 3108 et
1768 3057 1988 3121 pluries
2019 3056 2169 3108 vale.
2204 3056 2517 3108 Dabantur

312 3128 664 3193 Witebergae
686 3129 779 3179 die
799 3127 1128 3193 penultima
1147 3128 1310 3179 Anni
1330 3128 1473 3179 1598.
1861 3163 1958 3214 ΤΥ
1962 3172 2051 3215 CH
2056 3172 2100 3215 Ο
2128 3163 2357 3214 BRAHE

385 3270 478 3321 De
492 3276 848 3330 terraemotu,
868 3272 969 3334 qui
987 3269 1097 3321 has
1112 3269 1455 3321 Germaniae
1472 3285 1606 3321 oras
1622 3269 1852 3321 duabus
1866 3268 2091 3321 vicibus
2107 3269 2514 3333 conquassavit,

314 3340 407 3392 die
434 3341 506 3392 16.
530 3341 872 3393 Decembris
898 3343 1048 3392 inter
1075 3341 1108 3391 6
1129 3347 1184 3392 et
1204 3341 1237 3393 7
1262 3343 1632 3401 matutinam,
1660 3347 1781 3392 tam
1807 3340 1903 3392 hic
1925 3356 2108 3405 quam
2128 3339 2515 3463 Magdeburg{

2566 1081 2609 1116 10

2567 1435 2609 1470 15

2564 2147 2610 2181 25

2564 2502 2678 2537 30-

2564 3177 2611 3212 40
