2652 4022
289 290 393 342 258
822 288 1261 341 EPISTOLAE
1286 289 1954 343 ASTRONOMICAE

289 432 421 483 cubi
440 431 611 482 fuerit
633 446 798 494 opuS,
820 430 1044 481 auxilio
1067 430 1422 495 confilioque
1441 433 1693 483 adiuvet.
1716 432 1876 483 Nam
1890 432 2021 483 licet
2036 432 2107 483 de
2123 432 2290 484 Caesae
2306 430 2484 493 Matis,

288 505 454 553 cuius
470 501 991 553 Clementissimum
1006 518 1143 567 erga
1159 518 1254 554 me
1271 502 1537 554 favorem
1557 506 1696 555 ratis
1717 503 1946 567 indicijs
1968 510 2240 567 expertus
2259 503 2402 563 sum,
2423 506 2486 555 in

286 589 381 624 me
408 572 843 636 perseveranter
868 572 1125 624 fovendo
1153 573 1488 634 constantia,
1517 576 1636 638 qua
1662 574 1809 626 alias
1837 574 2094 625 Heroice
2120 574 2367 638 praedita
2393 574 2484 634 est,

285 644 625 695 nullatenus
651 644 1006 704 addubitem,
1038 660 1173 696 cum
1199 651 1399 696 tamen
1426 660 1532 710 ego
1559 645 1655 696 hic
1682 647 2024 709 peregrinus
2049 644 2288 706 habear,
2319 652 2374 696 et
2399 647 2484 696 in-

284 715 473 766 stituto
499 717 653 775 vitae,
680 715 1002 766 studiorum
1028 718 1272 775 ratione,
1299 732 1424 767 non
1449 719 1648 767 minus
1674 732 1856 780 quam
1881 716 2150 767 locorum
2174 716 2484 768 intervallo
2534 735 2556 770 ⁵

285 785 359 837 ab
389 785 549 837 Aula
576 786 758 837 vestra
792 786 895 836 sim
927 795 1209 838 remotus:
1243 787 1414 848 facile
1447 787 1763 851 praevideO,
1797 802 1978 851 quam
2009 787 2198 839 multa
2228 787 2484 839 incidere

283 858 500 921 possint,
529 872 664 921 quae
686 857 759 908 ab
782 855 886 908 Illri
907 858 989 909 De
1009 858 1156 918 Tua,
1183 859 1510 922 prudentia,
1539 874 1737 909 rerum
1757 858 1880 916 usu,
1909 858 2278 917 authoritate,
2303 858 2484 923 digni-

283 934 398 979 tate
425 930 693 991 inprimis
719 929 994 992 pollente,
1020 929 1194 993 longe
1219 929 1448 989 meliuS,
1477 925 1497 997 ΙΙ
1525 945 1706 993 quam
1726 944 1830 993 per
1849 945 1945 980 me
1965 929 2154 993 ipsum
2175 931 2384 988 caveri,
2413 936 2483 989 et,
2515 940 2603 983 33v

282 1006 456 1063 prout
481 1015 573 1051 res
599 999 913 1063 postularit,
942 1000 1246 1051 emendari
1272 1007 1507 1064 queant.
1537 1001 1749 1065 Neque
1771 1003 1930 1052 enim
1952 1001 2173 1064 possum
2191 999 2342 1051 mihi
2361 1015 2484 1051 om-

282 1073 427 1121 nino
447 1070 725 1135 polliceri,
750 1074 1026 1123 tutiorem
1046 1087 1141 1123 me
1162 1071 1259 1122 hic
1278 1071 1419 1132 fore,
1442 1087 1624 1135 quam
1644 1078 1820 1123 antea
1841 1075 1903 1123 in
1923 1072 2141 1132 Dania,
2163 1071 2236 1124 ab
2257 1072 2483 1123 invido·
2538 1090 2580 1125 ιο

282 1158 415 1193 rum
430 1142 730 1203 morsibuS,
754 1158 1096 1207 eorumque,
1119 1146 1222 1207 qui
1236 1143 1447 1195 finistre
1463 1143 1534 1194 de
1550 1145 1637 1208 ijs,
1660 1158 1795 1207 quae
1809 1142 2007 1204 tracto,
2029 1143 2226 1208 studijs
2239 1142 2483 1206 loquen-

281 1220 374 1264 tur
405 1220 459 1264 et
487 1214 747 1273 sentient,
779 1214 1267 1266 oblocutionibus,
1303 1215 1535 1266 Etenim
1563 1214 1604 1264 fi
1632 1214 1809 1274 isthic,
1840 1214 1941 1266 ubi
1970 1214 2195 1266 radices
2225 1214 2400 1266 altius
2431 1220 2485 1265 et

281 1284 509 1336 firmius
531 1300 782 1349 egeram,
804 1301 872 1337 ac
895 1285 1504 1350 Consanguineorum,
1533 1288 1635 1349 qui
1661 1287 1724 1336 in
1750 1287 2051 1350 praecipua
2077 1285 2354 1350 dignitate
2380 1285 2483 1336 ibi-

282 1357 416 1407 dem
437 1356 739 1416 constituti,
759 1372 883 1408 non
905 1359 1117 1422 exigua
1136 1372 1322 1408 manu
1342 1357 1578 1420 stipatus
1597 1362 1651 1408 et
1665 1359 1928 1407 munitus
1950 1372 2129 1416 eram,
2150 1356 2264 1407 hoc
2283 1362 2484 1407 tamen

280 1429 506 1479 inertiae
529 1434 583 1479 et
603 1428 843 1479 invidiae
864 1431 1026 1479 virus
1046 1428 1280 1480 amoliri
1300 1443 1424 1479 non
1444 1430 1525 1479 ita
1546 1428 1809 1487 dabatur,
1832 1430 1976 1491 quin
1996 1427 2126 1479 haec
2146 1442 2282 1479 mea
2300 1426 2484 1479 studia
2537 1445 2579 1480 15

279 1498 552 1550 fastidiret
573 1505 628 1550 et
647 1515 770 1550 non
796 1500 1014 1563 ubique
1043 1499 1249 1551 obvios
1275 1499 1669 1562 plurimorum
1689 1499 2008 1550 Annorum
2033 1498 2266 1550 labores
2291 1500 2484 1550 irritos

280 1570 522 1621 reddere
551 1577 814 1631 tentaret,
845 1577 947 1622 aut
977 1571 1160 1634 (quod
1189 1573 1384 1634 potius
1415 1569 1583 1634 elegi)
1614 1585 1709 1621 me
1738 1585 2056 1633 meamque
2083 1570 2328 1621 domum
2354 1572 2482 1620 uni-

279 1641 506 1693 versam
519 1644 582 1692 in
596 1645 934 1706 peregrinas
949 1657 1083 1693 oras
1099 1657 1233 1693 cum
1248 1643 1465 1705 magna
1479 1643 1579 1701 rei,
1601 1643 1815 1692 maiori
1829 1643 2108 1705 temporis
2125 1643 2482 1704 irrecupera-

278 1712 409 1763 bilis
440 1711 663 1764 iactura
691 1716 1133 1777 importunitate
1162 1712 1265 1763 sua
1292 1715 1544 1777 migrare
1573 1711 1810 1763 faceret:
1843 1719 2066 1776 quanto
2095 1714 2268 1777 igitur
2296 1713 2483 1776 magis

278 1783 417 1835 huic
438 1786 741 1835 communi
763 1787 1049 1844 omnium,
1078 1786 1179 1848 qui
1199 1790 1411 1848 praeter
1429 1783 1736 1848 vulgarem
1756 1783 2237 1835 consuetudinem
2258 1783 2482 1847 aliquid
2531 1800 2578 1835 20

279 1855 533 1906 arduum
555 1855 856 1907 exantlare
876 1855 1157 1920 satagunt,
1178 1855 1433 1906 fortunae
1454 1857 1576 1906 iam
1595 1854 1692 1906 hic
1713 1858 1775 1906 in
1796 1858 2007 1906 exteris
2027 1854 2172 1906 locis
2193 1854 2482 1919 expolitus

279 1941 397 1986 er0,
424 1926 591 1977 nulla
616 1926 859 1978 familiae
886 1930 1060 1978 avitae
1086 1928 1349 1991 potentia
1371 1925 1568 1986 fultuS,
1596 1925 1702 1977 nifi
1721 1926 1869 1977 mihi
1889 1926 2056 1977 Deus
2077 1925 2210 1990 Opt.
2231 1941 2387 1977 max.
2410 1926 2481 1977 de

277 1996 425 2057 fidis,
454 1997 733 2057 candidiS,
765 1997 1321 2061 Dominationisque
1341 1997 1490 2049 Tuae
1516 1997 1796 2049 fimilibus
1822 1998 2047 2048 Amicis
2075 2003 2130 2049 et
2155 1996 2482 2049 fautoribus

276 2069 647 2133 prospexerit,
677 2072 794 2133 qui,
823 2076 925 2121 aut
952 2071 1071 2134 qua
1098 2070 1437 2121 dexteritate
1465 2069 1728 2129 cavendi,
1757 2075 1858 2120 aut
1885 2070 2004 2133 qua
2024 2068 2261 2120 lenitate
2283 2067 2480 2120 conso-

276 2141 490 2204 piendi,
519 2148 621 2192 aut
648 2156 767 2205 quo
793 2143 997 2192 animo
1025 2141 1353 2204 excipiendi
1379 2140 1501 2199 fint,
1522 2140 1563 2191 fi
1584 2143 1686 2204 qui
1707 2147 1877 2192 erunt
1899 2139 2251 2192 eiuscemodi
2277 2139 2480 2192 adver·
2530 2157 2576 2191 25

275 2212 404 2276 sarij
430 2211 640 2263 occulti
660 2212 755 2263 vel
776 2215 976 2275 aperti,
1000 2219 1290 2276 oportune
1311 2214 1524 2263 norint.
1548 2211 1726 2275 Quod
1747 2218 1811 2263 ut
1825 2211 1910 2262 D0
1924 2211 2001 2262 Ta
2019 2213 2183 2263 tanta
2202 2213 2480 2276 prompti-

275 2283 477 2334 tudine
497 2282 688 2343 faciat,
711 2290 1001 2347 quantum
1021 2283 1124 2347 ipsi
1145 2283 1219 2334 est
1239 2283 1315 2335 ad
1329 2283 1388 2334 id
1402 2282 1740 2334 faciendum
1754 2282 2061 2342 facultatiS,
2083 2288 2259 2346 atque
2272 2288 2336 2334 ut
2349 2281 2479 2342 hoc,

277 2355 436 2418 quod
461 2354 693 2414 molior,
721 2354 1196 2406 Astronomicum
1224 2356 1581 2414 exercitium,
1610 2353 1727 2405 huc
1753 2357 1815 2406 in
1841 2354 2134 2406 honorem
2155 2353 2404 2406 Caesaris
2426 2359 2480 2405 et

276 2426 509 2489 Imperij
531 2441 567 2476 a
581 2424 713 2476 Tua
732 2428 882 2477 inter
902 2428 1124 2490 primos
1145 2425 1259 2476 Dne
1279 2425 1637 2484 transsatum,
1658 2427 1835 2476 tutari
1856 2428 2033 2476 etiam
2055 2431 2109 2476 et
2129 2439 2478 2489 promovere

275 2512 399 2547 non
429 2496 663 2557 definat,
694 2497 753 2547 id
784 2497 1059 2560 equidem
1088 2512 1357 2560 rogarem
1387 2495 1552 2547 illam
1582 2496 1897 2560 operofiuS,
1926 2496 2032 2547 nifi
2057 2495 2206 2547 mihi
2233 2495 2304 2547 de
2330 2510 2477 2559 prae-
2527 2512 2574 2547 30

276 2568 577 2619 clarissima
592 2574 646 2619 et
659 2567 982 2631 spontanea
1002 2567 1260 2619 eiusdem
1273 2567 1576 2619 voluntate
1597 2570 1718 2618 iam
1739 2574 1914 2619 antea
1933 2567 2159 2631 liquido
2180 2566 2476 2619 constaret.

276 2639 430 2701 Quae
456 2639 753 2690 brevitatis
781 2640 967 2691 caussa
989 2639 1086 2690 hic
1108 2638 1288 2698 omisi,
1317 2639 1594 2702 quodque
1616 2654 1687 2690 ea
1707 2638 1971 2690 calamus
1991 2654 2116 2689 non
2135 2637 2306 2689 facile
2325 2637 2476 2689 susti-

274 2717 453 2770 neret,
476 2710 578 2761 illa
593 2710 678 2761 D0
692 2710 839 2771 Tua,
862 2711 962 2762 ubi
977 2713 1288 2770 vacaverit,
1312 2715 1587 2761 oretenus
1602 2710 1800 2761 audiet
1814 2710 1888 2761 ab
1904 2708 2229 2761 exhibitore
2243 2708 2476 2770 harum,

277 2781 478 2833 Nobili
505 2789 559 2832 et
587 2782 830 2833 Erudito
851 2782 1072 2834 Iuvene
1094 2781 1544 2833 FRANCISCO
1566 2780 2087 2840 TENGNAGEL‚
2115 2796 2251 2832 meo
2279 2780 2476 2832 dome-

273 2853 423 2912 stico,
446 2868 635 2916 nuper
656 2868 727 2904 ex
748 2853 917 2904 Italia
930 2854 1005 2904 ad
1019 2869 1115 2904 me
1130 2853 1427 2912 redeunte,
1451 2867 1628 2916 quem
1643 2851 1800 2903 mrem
1815 2852 1943 2903 Dem
1958 2851 2153 2903 Tuam
2166 2854 2287 2904 iam
2301 2858 2477 2903 antea
2525 2868 2571 2903 35

274 2925 478 2975 Romae
505 2924 893 2987 proculdubio
914 2925 1104 2976 vidisse
1133 2923 1409 2975 existimo
1439 2923 1559 2985 Qui
1580 2939 1716 2974 cum
1737 2918 1757 2991 ΙΙ
1779 2921 1853 2974 Di
1872 2923 1976 2983 Tae,
2005 2925 2172 2975 cuius
2194 2922 2269 2974 est
2289 2922 2473 2975 obser·
2506 2931 2589 2974 34·-

274 2997 646 3052 vantissimus‚
669 2996 1035 3047 conditiones
1055 2995 1203 3054 suaS‚
1227 3001 1280 3045 et
1302 2994 1442 3058 quid
1462 2997 1722 3046 maxime
1744 3001 1917 3058 optet,
1946 3009 2241 3058 exponere
2263 2996 2473 3058 cupiat,

274 3070 401 3118 eius
422 3067 608 3118 caussa
628 3067 756 3117 Dem
776 3066 971 3118 Tuam
992 3070 1170 3118 etiam
1190 3072 1367 3129 atque
1389 3069 1564 3117 etiam
1587 3082 1768 3130 quam
1789 3065 2183 3117 officiofissime
2204 3080 2362 3130 rog0‚
2390 3067 2474 3116 uti

272 3141 488 3202 pariter
515 3144 569 3188 et
594 3137 763 3189 illum
788 3138 891 3189 sua
916 3138 1330 3190 benevolentia
1356 3136 1773 3201 complectatur
1800 3144 1854 3188 et
1880 3137 1956 3189 ad
1976 3140 2200 3201 optima
2220 3151 2474 3200 quaeque

273 3215 633 3273 promoveat.
658 3209 954 3273 Quicquid
976 3212 1037 3261 in
1056 3209 1245 3273 ipsum
1263 3207 1529 3272 beneficij
1556 3208 1879 3268 contulerit,
1900 3208 1959 3260 id
1973 3208 2155 3260 veluti
2167 3207 2316 3259 mihi
2330 3222 2473 3272 quo·
2522 3223 2569 3258 4ο

273 3296 387 3344 que
408 3279 723 3344 praestitum
744 3288 1027 3345 perpetuo
1047 3282 1210 3345 grata
1230 3285 1425 3330 mente
1447 3280 1773 3344 agnoscam.

344 3351 554 3402 Valeat
574 3349 701 3402 Illris
722 3351 851 3402 Dn0
870 3360 973 3403 tua
994 3367 1174 3416 quam
1196 3351 1497 3403 diutissime
1519 3357 1573 3402 et
1592 3350 1919 3410 felicissime‚
1945 3357 1999 3401 et
2019 3350 2473 3472 hancsmelamgn

2195 3436 2276 3472 cri
2318 3435 2393 3471 en
2435 3435 2471 3472 o
