2652 4022
282 291 586 346 TYCHO
612 291 735 344 AD
762 290 1615 345 LONGOMONTANUM
1642 288 1819 358 10l20
1843 290 2045 344 AUG.
2075 291 2220 344 1599
2294 292 2386 344 159

183 434 359 499 ipfius
370 434 643 487 Caesarea
654 433 930 486 Maiestas
944 432 1315 498 postmodum
1327 440 1442 485 tres
1458 436 1704 486 eximias
1719 450 1898 494 arceS,
1914 436 2092 486 unius
2103 434 2198 486 vel
2209 436 2384 486 etiam

88 515 142 558 lv
185 506 408 571 dimidij
443 506 560 558 diei
591 507 797 557 itinere
830 505 1017 569 Praga
1047 504 1334 564 distantes,
1364 500 1386 572 ΙΙ
1414 520 1518 568 per
1551 506 1851 570 quendam
1883 505 2145 558 nobilem
2173 508 2385 565 virum,

183 577 332 629 mihi
346 583 496 629 uteo
511 576 823 628 deduceret
837 573 1198 636 adiunctum,
1218 575 1526 628 monstrari
1547 580 1787 637 curavit,
1808 583 1873 628 ut
1894 592 1966 629 ex
1985 579 2057 642 ijs
2079 592 2229 637 earn,
2251 592 2387 641 quae

182 663 335 700 meae
349 650 660 700 intentioni
675 646 1042 699 commodior
1055 647 1366 706 videretur,
1382 646 1673 712 eligerem.
1690 647 1964 711 Quarum
1977 664 2101 700 una
2114 647 2190 700 est
2204 648 2386 700 Bran-

112 737 134 771 5
184 718 392 772 dilium
413 718 537 783 (ubi
556 718 686 771 haec
706 717 913 782 scribo)
934 733 1144 770 verum
1163 720 1306 782 quia
1323 720 1548 770 caeteris
1567 718 1843 770 nonnihil
1862 719 2158 780 declivior,
2180 725 2236 771 et
2255 735 2386 784 pro·

182 793 328 855 priae
349 789 600 843 Cael'aris
619 787 1007 850 delectationi,
1034 789 1354 853 praesertim
1373 789 1475 841 ubi
1494 790 1909 842 venationibus
1929 790 2205 856 indulget,
2225 790 2386 842 desti-

182 868 340 922 nata,
366 860 464 913 hic
489 860 755 913 habitare
775 876 900 913 non
919 860 1108 912 visum
1128 867 1546 925 opportunum.
1574 860 1839 925 Reliquae
1859 861 1995 913 duae
2016 861 2388 926 appellantur

183 933 344 998 Lyssa
363 939 419 985 et
439 931 758 992 Benachia,
785 932 979 984 ambae
1007 935 1184 984 etiam
1209 931 1670 996 splendidissimae
1692 939 1746 983 et
1766 933 2185 985 iucundissimae
2206 948 2386 985 arceS.

183 1004 340 1056 Inter
371 1019 520 1068 quas
552 1003 919 1056 Benachiam
955 1003 1114 1068 (quae
1134 1003 1400 1055 Venetiae
1433 1002 1840 1055 Bohemorum
1873 1004 1947 1056 ob
1979 1007 2387 1056 amoenitatem

92 1092 134 1127 ιο
182 1075 618 1140 interpretatur)
653 1074 903 1139 praetuli,
940 1090 1060 1139 quo
1093 1076 1216 1126 una
1247 1090 1384 1126 cum
1417 1074 1692 1126 omnibus
1725 1077 1872 1126 meis
1904 1074 2082 1127 hodie
2114 1076 2210 1127 vel
2241 1091 2386 1137 craS‚

183 1147 343 1211 quod
369 1146 536 1198 Deus
562 1146 927 1198 fortunatum
950 1146 1105 1206 velit,
1134 1143 1573 1198 introduclurus
1600 1145 1675 1197 est
1700 1145 1797 1197 hie
1818 1145 2183 1211 Capitaneus
2203 1147 2386 1199 Bran-

183 1217 467 1278 deisenFm,
495 1233 568 1270 ex
588 1217 839 1270 Caesaris
863 1217 1148 1270 mandato
1170 1232 1242 1269 ea
1261 1217 1333 1268 de
1355 1216 1529 1269 causa
1550 1216 1680 1268 heri
1699 1217 1948 1282 Pragam
1968 1218 2043 1270 ad
2063 1234 2159 1270 me
2180 1233 2386 1271 evoca-

181 1296 291 1341 tus‚
313 1289 403 1341 Est
422 1288 587 1340 locus
608 1289 813 1349 edituS,
835 1295 899 1340 ut
918 1288 1182 1353 undique
1202 1288 1382 1340 libere
1396 1294 1593 1353 pateat
1607 1288 1897 1348 Horizon,
1915 1288 2190 1341 AEdificia
2203 1289 2386 1353 splen-

183 1361 321 1413 dida
341 1366 397 1412 et
416 1361 751 1420 commoda;
772 1375 957 1425 prope
978 1359 1052 1412 est
1073 1375 1258 1425 parva
1278 1362 1482 1411 civitas
1502 1360 1578 1411 ad
1598 1359 1912 1411 fluviolum
1932 1360 2088 1411 Eiser
2107 1363 2170 1411 in
2186 1361 2388 1412 Albim

82 1441 134 1483 2r
183 1438 591 1484 excurrentem
610 1431 728 1492 fita,
749 1431 970 1496 ipfique
984 1432 1125 1483 Arci
1146 1431 1308 1496 quafi
1328 1433 1618 1496 contigua.
1640 1426 1662 1499 ΙΙ
1682 1431 1866 1483 Distat
1880 1431 2066 1496 Praga
2079 1432 2111 1484 5
2125 1431 2387 1483 milliari-

181 1503 308 1563 buS,
322 1506 422 1555 via
436 1503 707 1555 existente
721 1503 919 1567 plana,
937 1509 1002 1555 ut
1014 1505 1123 1554 iter
1136 1502 1338 1554 saltem
1352 1502 1416 1554 fit
1429 1503 1463 1554 6
1477 1502 1781 1554 horarum.
1802 1502 1922 1554 Hic
1936 1502 2171 1554 favente
2186 1503 2389 1555 divina

183 1574 512 1634 clementia,
534 1590 671 1626 cum
683 1577 831 1626 meis
848 1574 1114 1626 habitare
1129 1574 1410 1634 constitui,
1433 1574 1621 1626 donec
1635 1573 1707 1626 de
1722 1573 1917 1632 feudo,
1939 1574 2100 1638 quod
2115 1573 2389 1627 Cael'area

183 1645 460 1698 Maiestas
478 1644 629 1697 mihi
647 1661 755 1710 pro
772 1661 868 1697 me
883 1652 939 1697 et
951 1661 1087 1697 mea
1100 1645 1328 1698 familia
1341 1645 1690 1709 posterisque
1706 1645 2134 1697 clementissime
2149 1645 2387 1707 addixit,

182 1716 400 1769 alicubi
424 1732 528 1782 per
554 1716 920 1768 occafionem
946 1715 1311 1781 prospectum
1335 1716 1526 1768 fuerit.
1554 1717 1794 1769 Interim
1818 1717 2065 1768 domum
2088 1719 2266 1768 etiam
2286 1733 2386 1782 op-

88 1804 134 1839 20
182 1795 501 1853 portunam
527 1788 729 1853 Pragae
756 1787 931 1852 ipfius
952 1787 1225 1840 Cael'area
1246 1787 1522 1839 Maiestas
1547 1787 1697 1839 mihi
1723 1788 2040 1840 clementer
2065 1788 2387 1841 concedere

182 1859 323 1919 vult,
346 1875 545 1924 quam,
567 1861 796 1924 quoties
812 1875 884 1911 eo
900 1874 1230 1920 excurrero,
1252 1874 1388 1911 cum
1404 1861 1551 1910 meis
1569 1858 1911 1919 inhabitem,
1933 1866 1997 1911 ut
2018 1860 2388 1911 commodius

183 1931 391 1996 degere
424 1937 479 1982 et
510 1933 751 1995 propria
785 1931 1014 1995 quadra
1044 1933 1242 1982 vivere
1278 1931 1567 1995 possimuS,
1604 1936 1707 1982 etc.
1747 1930 1923 1982 Datae
1958 1930 2291 1983 festinanter
2324 1934 2388 1982 in

181 2001 508 2054 transcursu
523 2001 842 2061 Brandifio,
865 2002 1008 2054 dum
1024 2001 1388 2054 Benachiam
1406 2004 1676 2066 petimuS‚
1698 2001 1791 2053 die
1806 2002 1891 2054 20.
1906 2002 2057 2067 Aug.
2072 2001 2214 2067 stylo
2228 2018 2387 2054 novo

88 2125 134 2160 25
182 2074 299 2126 An·
320 2073 466 2126 1599.
1535 2107 1701 2160 Tuus
1728 2107 1970 2161 TYcHo
1997 2108 2243 2170 BRAHE,

1662 2195 1849 2232 manu
1868 2182 2124 2244 propria.

183 2378 258 2424 [Ex
278 2379 523 2426 apographo
545 2379 790 2416 Hauniensi
810 2382 982 2424 excerpt.
1005 2379 1238 2425 Langebek.
1264 2380 1346 2420 179:
1374 2379 1422 2416 cf.
1443 2378 1736 2424 apographum
1763 2390 1894 2415 manu
1921 2379 2122 2424 scriptum
2150 2379 2195 2415 in
2217 2379 2303 2416 fine
2323 2391 2386 2416 ex-

277 2427 406 2473 empli
427 2427 692 2464 Hauniensis
714 2428 752 2463 P.
772 2428 805 2472 J.
827 2427 993 2463 Resenii
1012 2428 1340 2473 Inscriptionum
1362 2427 1679 2462 Haffniensium
1702 2427 1906 2469 (Hauniae
1931 2426 2054 2472 1668)]

183 2514 579 2589 TYCHO
621 2514 1005 2588 BRAHE
1038 2515 1200 2587 AD
1238 2514 1475 2588 IOH.
1508 2514 1607 2587 G.
1640 2514 2385 2603 HERWARTUM

88 2635 135 2670 30
947 2619 1054 2670 AB
1082 2618 1625 2741 HOHSENBURG.

86 2698 104 2741 μ

118 2708 134 2726 ’ἱ

383 2834 391 2850 x
437 2834 445 2838 ,γ
655 2785 734 2837 IC
768 2784 859 2846 est,
890 2785 995 2836 Vir
1023 2784 1257 2837 Nobilis
1287 2792 1342 2837 et
1370 2784 1681 2850 magnifice
1711 2786 1937 2845 Amice,
1970 2784 2103 2836 licet
2135 2784 2207 2836 de
2239 2784 2386 2836 facie

391 2850 416 2924 '‚
468 2857 471 2881 <
503 2871 516 2878 ··
578 2853 612 2893 -7
654 2855 803 2908 mihi
836 2858 1049 2921 ignote,
1086 2855 1326 2921 plurimi
1359 2863 1562 2908 tamen
1593 2856 1668 2908 ob
1701 2855 2016 2920 praeclaras
2051 2857 2267 2920 ingenij
2302 2858 2387 2907 tui

358 2990 360 2992 ,
420 2991 422 2993 ‚
478 2922 590 2994 ÷
656 2927 820 2979 dotes
833 2927 1058 2991 semper
1071 2927 1355 2988 faciende,
1377 2927 1537 2992 quod
1551 2943 1589 2979 a
1603 2927 1782 2979 Sacra
1797 2926 2069 2979 Caesarea
2083 2926 2386 2978 Maiestate

256 3006 287 3070 t}
311 2993 364 3059 ,ni
378 3002 418 3063 ›ss
432 2999 479 3067 ’ᾖ
528 2942 615 3049 ᾗ
654 2998 904 3063 Pragam
925 2999 1354 3050 clementissime
1369 3005 1611 3050 vocatus
1629 2997 1703 3050 ab
1720 2998 1895 3062 ipfius
1911 2997 2183 3049 Cael'area
2198 2997 2386 3048 Maie-

215 3056 308 3142 &f
333 3057 474 3142 silv-J<
503 3054 611 3147 λῇ»)
655 3068 809 3129 state,
830 3072 894 3120 in
912 3069 1089 3133 ipfius
1104 3069 1394 3122 Caesareae
1409 3069 1730 3122 Maiestatis
1748 3069 2019 3120 clientem
2033 3068 2385 3120 clementissi-

273 3132 345 3167 Q
456 3138 552 3168 *³
606 3144 616 3148 “
655 3154 752 3191 me
772 3139 876 3191 fim
896 3147 1168 3205 acceptus
1184 3147 1239 3192 et
1252 3141 1569 3193 liberaliter
1582 3147 1755 3205 prout
1769 3140 1963 3191 ferunt
1977 3139 2106 3191 haec
2120 3146 2387 3203 tempora

183 3209 332 3262 mihi
358 3216 413 3261 et
438 3212 586 3262 meis
605 3209 802 3276 Rudijs
823 3210 898 3263 ab
917 3211 1093 3275 ipfius
1115 3211 1388 3264 Caesarea
1409 3212 1713 3264 Maiestate
1734 3210 2047 3276 provisum.
2076 3210 2386 3263 Concessus

184 3283 363 3333 etiam
390 3280 464 3332 est
489 3281 883 3346 benignissime
909 3281 1259 3335 habitationi
1284 3299 1436 3335 meae
1462 3283 1628 3335 locus
1655 3282 1749 3333 hic
1776 3284 1838 3333 in
1864 3297 1998 3335 arce
2025 3281 2327 3333 Benachia
2353 3282 2386 3333 5

89 3368 135 3403 40
183 3351 512 3404 miliaribus
524 3353 710 3417 Praga
724 3353 981 3413 distante,
996 3353 1098 3406 ubi
1112 3355 1483 3406 commodius
1497 3361 1551 3405 et
1566 3352 1940 3417 tranquillius
1952 3368 2133 3417 quam
2147 3355 2210 3403 in
2225 3351 2384 3411 urbe,

2100 3423 2386 3475 consuetis

89 3014 135 3049 35
