2652 4022
125 1095 166 1130 10

124 1452 165 1486 15

121 1807 166 1842 20

121 2164 167 2198 25

122 2875 167 2910 35

286 294 590 348 TYCHO
618 294 739 347 AD
767 293 944 347 IOH.
974 294 1048 347 G.
1078 293 1656 348 HERWARTUM
1683 293 1846 361 21131
1874 294 2064 348 DEC.
2094 295 2239 348 1599
2313 293 2416 347 223

215 438 407 490 ditatis
426 437 530 489 tibi
549 436 804 488 necdum
823 434 1134 501 perspectae
1155 443 1338 496 erant,
1361 452 1509 500 quas
1529 443 1584 489 te
1605 453 1764 489 nunc
1778 440 2029 502 acceptis
2042 440 2190 489 meis
2205 453 2416 503 cogno-

214 510 344 560 visse
365 515 541 573 atque
561 514 718 560 ratas
737 507 992 560 habuisse
1013 506 1161 558 mihi
1181 507 1479 571 polliceor.

285 580 522 631 Accessit
542 585 597 631 et
616 578 747 639 hoc,
769 578 929 643 quod
948 578 1133 630 literae
1153 578 1272 630 111ae
1291 585 1411 630 tuae
1428 578 1643 630 steriles
1657 594 1781 630 non
1795 578 2026 639 fuerint,
2048 580 2143 632 sed
2163 580 2417 644 triplices

215 654 278 702 in
291 650 427 703 Sole
442 650 700 703 Cassellis
718 647 900 702 factas
921 650 1104 701 tribus
1125 649 1377 709 diverIiS,
1399 656 1661 701 attamen
1682 653 1974 702 continuis
1996 654 2169 703 annis
2188 651 2418 703 sedulas

215 721 649 774 observationes
682 720 1033 785 easdemque
1067 720 1441 772 Geometrice
1475 727 1530 771 et
1561 735 1665 784 per
1697 736 1978 773 numeros
2013 738 2120 787 pro
2154 723 2416 775 eruendo

214 793 351 845 inde
371 794 639 858 Apogaeo
660 799 715 844 et
737 792 1172 844 Eccentricitate
1193 791 1385 844 Solari
1406 791 1705 856 expensaS,
1732 791 2011 844 foecundo
2031 800 2203 858 partu
2223 793 2418 846 secum

214 863 523 917 adferrent.
552 864 683 915 Fuit
710 863 985 928 equidem
1010 863 1070 915 id
1095 862 1244 914 mihi
1265 863 1590 915 admodum
1617 870 1863 927 gratum,
1892 879 2027 915 cum
2047 866 2416 917 animadver-

214 935 403 987 fiones
427 934 559 987 illas
585 937 748 999 prius
773 950 898 986 non
917 934 1182 986 viderim.
1211 934 1426 998 Neque
1447 936 1607 985 enim
1629 949 1666 985 a
1684 933 2085 987 laudatissimae
2111 939 2417 988 memoriae

216 1006 641 1059 GULIELMO
689 1006 956 1070 Principe
1004 1005 1399 1070 Landtgravio
1444 1011 1548 1057 aut
1591 1007 1770 1057 etiam
1815 1008 1941 1057 eius
1989 1007 2417 1060 Mathematico

216 1077 840 1131 CHRISTOPHORO
868 1076 1406 1129 ROTHMANNO
1433 1076 1581 1128 mihi
1607 1083 1784 1128 antea
1811 1076 1994 1141 (quod
2021 1079 2286 1131 omissum
2310 1082 2417 1130 mi·

214 1148 334 1212 ror)
362 1151 816 1201 communicatae
843 1154 1026 1208 erant,
1054 1147 1203 1200 alias
1229 1147 1618 1212 Epistolarum
1637 1147 1829 1199 Tomo
1856 1151 2065 1213 primo,
2093 1152 2195 1213 qui
2220 1149 2418 1202 literas

213 1219 416 1286 ijsdem
444 1222 620 1272 annis
647 1222 799 1272 inter
827 1235 938 1271 nos
968 1226 1360 1271 commutatas
1389 1218 1582 1278 habet,
1614 1234 1715 1271 eas
1741 1221 1864 1271 una
1890 1235 2026 1272 cum
2053 1227 2418 1286 competente

214 1291 604 1356 disquisitione
638 1298 693 1343 et
726 1306 862 1343 cum
894 1290 1098 1342 nostris
1131 1293 1385 1342 inventis
1415 1290 1730 1342 collatione
1762 1290 2128 1352 inseruissem‚
2162 1298 2226 1344 ut
2255 1293 2329 1344 ob
2360 1293 2419 1344 id

214 1363 395 1427 probe
421 1378 459 1415 a
483 1370 539 1415 te
564 1360 801 1423 factum,
830 1363 990 1427 quod
1009 1361 1199 1414 velex
1218 1362 1331 1414 hac
1352 1363 1651 1413 omissione
1678 1360 2078 1415 coniedturam
2104 1379 2229 1415 non
2253 1363 2417 1415 falla-

215 1449 343 1487 cem
355 1436 709 1499 conceperis,
722 1449 823 1486 eas
836 1436 1000 1499 prius
1013 1433 1089 1486 ad
1103 1448 1319 1486 manus
1333 1448 1498 1485 meas
1511 1449 1636 1485 non
1649 1435 1987 1498 pervenisse;
2004 1449 2194 1499 eoque
2209 1433 2419 1487 rectius

215 1513 270 1558 et
290 1508 585 1570 acceptius
603 1504 752 1557 mihi
771 1521 932 1557 nunc
951 1507 1280 1570 impertiris,

286 1577 550 1629 Multum
577 1584 777 1629 autem
802 1591 899 1628 me
924 1576 1097 1633 torfit,
1125 1576 1285 1641 quod
1312 1579 1504 1641 prima
1523 1573 1970 1640 introspectione
1991 1577 2418 1629 animadverte-

215 1651 343 1709 rim,
371 1649 706 1713 Apogaeum
731 1648 972 1712 quidem
998 1647 1152 1700 Solis
1179 1663 1315 1699 cum
1340 1647 1534 1699 nostro
1560 1654 1861 1712 utcunque
1888 1663 2226 1713 congruere.
2259 1649 2419 1700 Nam

215 1719 438 1785 dimidij
462 1720 676 1784 gradus
697 1718 1028 1771 differentia
1047 1718 1290 1771 discerni
1310 1721 1375 1771 in
1394 1725 1515 1771 tam
1529 1718 1720 1771 subtili
1734 1720 2097 1785 Pragmatera
2111 1719 2420 1772 difficulter

215 1790 408 1855 potest.
438 1791 565 1843 Nec
591 1793 770 1842 etiam
795 1790 1129 1842 sensibiliter
1155 1790 1296 1854 quid
1324 1789 1520 1851 officit,
1546 1789 1831 1854 liquidem
1855 1793 2020 1843 iuxta
2045 1791 2233 1855 ipsum
2259 1792 2418 1855 Apo·

214 1877 410 1927 gaeum
424 1878 549 1914 non
562 1862 668 1913 nifi
682 1864 859 1914 unico
874 1864 1104 1913 minuto
1118 1861 1547 1926 longitudinem
1562 1861 1713 1913 Solis
1727 1865 1928 1922 variet,
1949 1865 2012 1914 in
2032 1865 2256 1914 caeteris
2275 1862 2419 1914 locis

214 1932 410 1986 adhuc
441 1937 658 1985 minuS.
691 1934 915 1985 Verum
947 1932 1049 1984 ubi
1081 1933 1583 1984 Eccentricitatem
1613 1932 1900 1985 trifariam
1931 1933 2332 1999 investigatam
2365 1940 2419 1984 et

215 2004 436 2069 ubique
463 2004 626 2070 quafi
652 2007 715 2056 in
741 2004 873 2069 ipfis
899 2003 1165 2056 secundis
1191 2003 1292 2056 fibi
1319 2003 1675 2056 constantem
1707 2004 2130 2070 conspexissem,
2161 2020 2198 2056 a
2226 2004 2418 2056 nostro

215 2075 607 2128 nihilominus
633 2075 882 2128 deficere
909 2075 1072 2140 quafi
1094 2075 1128 2127 6
1149 2078 1393 2127 minutis
1414 2076 1485 2128 de
1505 2075 1575 2127 60
1594 2076 1857 2139 partibus
1881 2076 2295 2128 semidiametri
2316 2076 2418 2127 Ec-

216 2149 469 2208 centrici,
483 2150 702 2199 mirum
716 2150 779 2199 in
792 2147 1056 2207 modum,
1072 2148 1214 2211 quid
1228 2146 1329 2199 sub
1343 2146 1437 2198 his
1450 2146 1733 2211 scrupulis
1747 2147 1951 2200 lateret
1963 2147 2234 2212 scrupuli,
2255 2146 2417 2199 haefi-

215 2221 352 2271 tavi.
381 2218 538 2271 Cum
560 2221 720 2270 enim
739 2218 936 2270 revisis
956 2220 1103 2270 meis
1125 2217 1662 2278 observationibuS,
1691 2234 1840 2283 quas
1866 2221 2019 2271 circa
2043 2218 2275 2271 eosdem
2295 2219 2419 2270 dies

214 2292 278 2341 in
295 2289 674 2355 Uraniburgo
694 2290 887 2342 nostro
905 2290 1141 2342 Danico
1160 2289 1507 2349 habueram,
1529 2297 1584 2341 et
1603 2289 1913 2355 supputato
1934 2290 2102 2342 fimul
2122 2289 2252 2341 loco
2267 2289 2419 2342 Solis

216 2376 248 2413 e
262 2361 454 2413 nostro
468 2361 723 2413 restituto
738 2361 983 2421 calcu10,
1006 2376 1141 2425 quae
1157 2361 1658 2412 Eccentricitatem
1675 2361 2073 2426 praesupponit
2086 2368 2230 2425 part.
2246 2361 2280 2412 2
2293 2377 2370 2412 m.
2386 2360 2419 2412 9

215 2432 291 2484 ad
307 2435 641 2492 minimum,
659 2433 922 2485 viderem
934 2432 1366 2497 longitudinem
1385 2434 1444 2492 Θ
1462 2432 1682 2496 ubique
1697 2435 1851 2484 intra
1865 2435 2110 2484 unicum
2122 2435 2419 2484 minutum

215 2503 301 2555 illi
315 2519 653 2569 congruere,
669 2519 852 2568 quam
866 2503 1170 2556 observata
1185 2503 1511 2556 Cassellana
1525 2503 1869 2565 tribuerunt,
1884 2519 1993 2556 nec
2006 2503 2260 2568 possibile
2276 2504 2418 2563 esset,

216 2590 289 2627 ex
301 2574 505 2640 ijsdem
519 2575 669 2627 datis
682 2582 805 2628 tam
818 2591 1002 2640 prope
1018 2574 1528 2635 consentientibuS,
1550 2575 1813 2627 adhibito
1830 2591 1955 2627 non
1968 2575 2164 2627 fallaci
2179 2575 2418 2627 demon-

215 2646 503 2698 strationis
522 2648 795 2711 processu,
817 2647 1057 2712 qualem
1076 2654 1247 2698 tuum
1268 2662 1507 2710 quoque
1529 2647 1632 2698 esse
1653 2649 1919 2712 cognovi,
1945 2653 2067 2699 tam
2088 2645 2418 2698 diverfimo-

216 2718 355 2770 dam
380 2717 771 2770 nihilominus
796 2719 1031 2782 prodire
1059 2718 1576 2778 Eccentricitatem,
1607 2719 1749 2782 quid
1774 2721 1932 2770 taciti
1958 2717 2070 2769 sese
2096 2717 2419 2769 infinuasset

216 2788 509 2849 obstaculi,
530 2805 654 2841 non
674 2792 756 2841 ita
774 2789 944 2841 facile
965 2790 1039 2841 ab
1059 2791 1227 2841 initio
1246 2791 1449 2853 patuit.
1472 2790 1633 2841 Nam
1649 2796 1703 2841 et
1717 2789 1836 2841 alia
1853 2789 1926 2841 ab
1945 2805 2032 2850 ea,
2055 2804 2174 2853 qua
2187 2795 2251 2840 tu
2266 2787 2418 2847 usuS,

217 2861 461 2921 ratione,
493 2875 598 2924 per
626 2860 1108 2925 prostaphaereses
1137 2863 1437 2921 nimirum,
1471 2863 1715 2924 repetito
1744 2867 1848 2912 tuo
1877 2876 1984 2925 pro
2014 2862 2227 2912 maiori
2255 2866 2418 2923 parte

217 2930 467 2991 calculo;
487 2930 641 2983 visus
663 2931 807 2983 estis
827 2930 977 2984 recte
997 2931 1052 2984 se
1074 2931 1308 2984 habere.
1331 2931 1458 2983 Nec
1478 2939 1706 2996 poterat
1722 2930 2085 2983 refractionis
2104 2930 2418 2982 insinuatio

217 3017 353 3066 quae
379 3004 443 3053 in
467 3004 659 3066 primo
687 3003 977 3067 exemplo,
1005 3003 1106 3054 ubi
1131 3005 1190 3064 Θ
1214 3003 1282 3055 27
1303 3005 1572 3067 proxime
1598 3003 1872 3068 gradibus
1892 3003 1926 3054 2
1946 3005 2087 3053 min.
2109 3005 2171 3053 in
2191 3001 2417 3060 ultim0,

218 3073 352 3125 Sole
372 3075 608 3125 tertium
634 3086 692 3124 zzz
717 3074 965 3138 gradum
984 3074 1334 3134 transeunte,
1361 3081 1416 3125 et
1436 3075 1493 3126 19
1513 3074 1714 3126 saltem
1734 3074 2009 3138 gradibus
2030 3073 2259 3125 elevato
2282 3087 2418 3123 ean-

217 3144 352 3196 dem
373 3145 405 3196 5
425 3147 792 3196 minutorum
811 3145 1111 3210 ingerebat
1137 3145 1223 3209 (ut
1244 3146 1316 3197 de
1336 3146 1703 3205 intermedi0‚
1730 3148 1792 3196 in
1820 3160 1939 3208 quo
1966 3144 2095 3196 haec
2123 3143 2419 3195 diversitas

122 3230 169 3265 40
217 3217 416 3267 minus
430 3214 705 3267 sensibilis
721 3223 860 3275 erat,
881 3215 1032 3267 nihil
1046 3216 1285 3279 addam)
1301 3216 1556 3268 nostram
1570 3219 1958 3268 intentionem
1971 3215 2228 3274 turbare;
2250 3214 2417 3278 fiqui-

217 3286 352 3338 dem
371 3286 504 3338 loca
523 3289 581 3347 Θ
601 3289 664 3338 in
678 3287 958 3350 Ecliptica
972 3302 1108 3339 cum
1122 3287 1326 3339 nostris
1339 3290 1602 3340 numeris
1618 3288 1768 3339 adeo
1785 3302 1967 3351 prope
1983 3286 2417 3343 consentientia,

219 3357 830 3410 ROTHMANNUM
851 3373 976 3410 non
995 3358 1196 3410 saltem
1217 3359 1554 3411 Parallaxes
1573 3358 1724 3410 Solis
1745 3358 1838 3409 sed
1860 3365 1914 3409 et
1934 3356 2324 3417 refractione&
2347 3356 2417 3407 de

2299 3441 2417 3491 quo
