2652 4022
289 296 381 348 196
811 293 1252 346 EPISTOLAE
1277 293 1948 348 ASTRONOMICAE

284 437 804 502 deprehenduntur
836 435 1029 488 ambae
1061 451 1166 500 per
1197 435 1655 501 Triangulorum
1688 437 2078 490 demonstrata
2112 437 2482 491 latitudinem

284 509 581 561 obtinuisse
603 508 659 559 18
679 507 773 558 vel
793 507 848 559 19
869 507 955 559 M.
976 510 1271 560 minorem
1293 523 1364 560 ea
1384 524 1566 572 quam
1586 524 1746 561 nunc
1767 510 1988 562 coelum
2013 509 2202 574 ipsum
2223 509 2480 572 ostendit,

284 580 442 644 quod
463 578 558 630 vel
576 585 819 630 mutatae
841 578 1170 643 obliquitati
1190 579 1484 644 Eclipticae
1506 580 1928 641 ascribendum,
1950 587 2052 632 aut
2073 581 2324 632 eandem
2343 587 2482 634 tunc

282 651 454 710 fuisse‚
478 665 612 714 quae
633 665 793 701 nunc
815 649 904 710 est,
926 650 1311 711 statuendum,
1332 650 1500 703 nulla
1514 654 1619 703 erit
1633 654 1695 703 in
1708 651 2015 704 latitudine
2029 651 2305 704 senfibilis
2320 651 2480 704 diffe-

282 724 487 781 rentia,
515 720 674 772 unde
701 724 976 786 antiquos
1004 721 1135 773 illos
1161 738 1265 786 per
1290 725 1518 774 tertiam
1546 722 1761 788 gradus
1784 729 2012 787 partem
2032 723 2318 787 angulum
2339 723 2480 776 obli·

283 794 579 857 quationis
606 792 902 857 Eclipticae
930 792 1005 844 ad
1031 793 1420 857 AEquatorem
1447 797 1701 846 nimium
1727 795 1939 846 auxisse
1967 797 2362 846 convincetur.
2394 795 2481 846 Id-

281 863 468 928 ipsum
484 879 722 928 quoque
736 863 989 916 secundo
1003 867 1222 916 minori
1235 867 1469 930 negotio
1484 871 1641 929 patet
1656 881 1728 916 ex
1741 865 1937 917 lucida
1951 865 2215 917 Vulturis
2229 865 2483 918 volantis

280 934 454 994 stella,
471 950 653 999 quam
664 934 1209 997 TIMOCHARES‚
1226 936 1739 989 HIPPARCHUS
1752 942 1807 987 et
1818 936 2322 989 PTOLEMAEUS
2337 950 2482 989 una-

280 1008 515 1057 nimiter
534 1006 918 1070 prodiderunt
935 1007 1230 1059 declinare
1244 1007 1318 1060 ab
1327 1007 1652 1072 AEquatore
1667 1007 1863 1060 versus
1879 1008 2133 1060 Boream
2146 1008 2204 1059 P.
2220 1009 2300 1069 52⁵5,
2323 1009 2482 1073 quod

281 1077 383 1129 illa
402 1077 561 1129 stella
581 1093 789 1130 eorum
808 1078 1171 1143 temporibus
1191 1094 1374 1143 quam
1392 1082 1659 1143 proxime
1682 1080 1808 1131 esset
1829 1079 2028 1143 quoad
2052 1079 2482 1144 longitudinem

280 1148 533 1213 Tropico
553 1148 819 1211 hibern0,
840 1149 1093 1214 ideoque
1112 1149 1567 1202 declinationem
1585 1150 1982 1203 insenfibiliter
1995 1153 2243 1202 variare.
2264 1151 2484 1203 Addita

280 1223 478 1284 itaque
496 1219 887 1274 declinatione
903 1236 1111 1273 eorum
1124 1224 1388 1273 maxima
1401 1225 1671 1286 provenit
1683 1222 1858 1274 stellae
1873 1221 2120 1274 latitudo
2134 1222 2193 1273 P.
2210 1222 2278 1274 29
2293 1222 2379 1274 M.
2394 1222 2480 1283 40,

279 1307 388 1343 nec
404 1294 563 1343 enim
577 1307 778 1344 moror
793 1293 952 1357 quod
965 1292 1397 1345 PTOLEMAEI
1412 1308 1694 1345 erroneus
1709 1294 1927 1345 abacus
1943 1295 2096 1344 circa
2109 1292 2265 1344 hanc
2280 1300 2484 1345 contra

279 1365 519 1428 propria
538 1364 834 1429 assumpta,
855 1366 941 1415 uti
962 1370 1016 1415 et
1035 1364 1187 1429 l'aepe
1208 1364 1373 1425 alias,
1396 1379 1534 1416 eum
1555 1367 1732 1416 etiam
1746 1364 1951 1416 frustra
1964 1365 2329 1416 imitantibus
2342 1380 2481 1416 neo-

278 1437 486 1495 tericiS,
518 1434 759 1496 admifit,
791 1450 926 1499 quae
957 1438 1204 1487 omnino
1235 1435 1460 1487 excedit
1490 1451 1623 1488 eam
1654 1451 1836 1500 quam
1862 1435 1965 1487 illa
1991 1435 2113 1500 ipsa
2137 1434 2296 1487 stella
2322 1451 2481 1488 nunc

280 1507 512 1558 coelitus
528 1505 778 1566 exhibet,
796 1509 965 1558 tertia
978 1506 1098 1558 fere
1113 1507 1327 1572 gradus
1341 1513 1522 1571 parte,
1544 1513 1834 1570 quantum
1848 1506 2117 1558 videlicet
2131 1506 2311 1559 dubia
2324 1507 2483 1571 apud

280 1583 503 1629 veteres
530 1577 855 1642 obliquatio
881 1581 1139 1642 requirit,
1167 1578 1359 1630 nostra
1383 1593 1525 1629 vero
1552 1578 1594 1629 fi
1619 1577 1958 1642 applicetur,
1987 1578 2197 1630 eadem
2222 1577 2483 1630 manebit

278 1648 526 1700 latitudo
546 1654 668 1700 tam
689 1649 832 1701 olim
853 1665 1034 1714 quam
1055 1664 1230 1701 nunc.
1253 1649 1494 1701 Accedit
1515 1655 1569 1701 et
1589 1648 1703 1701 hoc
1725 1648 1787 1713 (fi
1801 1648 2074 1701 Planetas
2093 1651 2157 1700 in
2178 1648 2482 1702 confilium

280 1719 559 1772 adhibere
590 1720 870 1783 lubuerit)
901 1721 1061 1784 quod
1097 1718 1209 1780 &¹1³⁵
1234 1719 1409 1772 ssellae
1437 1719 1685 1772 latitudo
1714 1723 1979 1772 maxima
2004 1720 2201 1772 versus
2227 1721 2483 1773 Boream

278 1791 417 1843 huic
438 1789 764 1843 inductioni
784 1791 1176 1855 adstipuletur,
1208 1794 1376 1843 cuius
1398 1791 1645 1843 limitem
1666 1792 1925 1844 Boreum
1945 1807 2127 1856 penes
2147 1793 2482 1857 Apogaeum

278 1865 341 1913 in
366 1862 467 1917 257}
488 1862 559 1915 G.
586 1865 646 1923 Q}
670 1862 1176 1915 PTOLEMAEUS
1204 1862 1505 1924 constituit,
1535 1869 1589 1915 et
1614 1863 1987 1915 latitudinem
2011 1862 2150 1915 hinc
2169 1862 2302 1915 fecit
2321 1863 2380 1915 P.
2400 1864 2480 1919 43.

278 1934 356 1985 At
385 1949 495 1985 nos
524 1934 860 1999 Apogaeum
889 1936 1016 1986 eius
1045 1950 1205 1986 nunc
1234 1934 1450 1986 versari
1477 1936 1541 1986 in
1570 1934 1628 1986 P.
1656 1934 1756 1989 23}
1782 1937 1835 1996 Ω
1872 1934 1927 1998 (5
1955 1934 2030 1987 G.
2054 1934 2481 1988 COPERNICI

278 2008 560 2069 opinione
581 2005 866 2069 anterius)
889 2004 1088 2059 exacte
1110 2006 1526 2058 adinvenimus
1541 2012 1595 2058 et
1610 2007 1858 2058 limitem
1873 2006 2133 2058 Boreum
2149 2006 2481 2070 praecedere

277 2077 341 2130 δὲ
363 2076 455 2137 G..
485 2076 857 2129 latitudinem
882 2092 1024 2129 vero
1051 2077 1322 2138 Boream,
1354 2077 1595 2141 quando
1620 2078 1702 2130 ibi
1728 2077 1849 2130 Soli
1877 2079 2210 2143 opponitur,
2239 2078 2342 2129 esse
2368 2077 2427 2129 P.
2448 2077 2482 2129 4

278 2148 363 2201 M.
379 2147 464 2209 35,
487 2164 622 2212 quae
645 2155 855 2212 quarta
874 2148 1089 2214 gradus
1109 2155 1273 2214 parte
1294 2148 1724 2201 PTOLEMAEI
1743 2148 1955 2201 tradita
1975 2155 2273 2214 exuperat,
2296 2164 2480 2213 quan-

276 2225 403 2271 tum
415 2222 593 2271 etiam
603 2222 800 2271 minor
811 2219 1107 2285 Eclipticae
1123 2220 1426 2272 inclinatio
1439 2223 1890 2285 quamproxime
1905 2222 1975 2286 ijs
1989 2223 2052 2272 in
2065 2220 2208 2272 locis
2223 2222 2480 2284 requirit.

278 2291 436 2342 Licet
462 2297 525 2342 ut
552 2291 761 2352 dicam,
789 2291 949 2356 quod
975 2307 1067 2343 res
1094 2291 1184 2352 est,
1212 2294 1275 2343 in
1302 2294 1526 2344 caeteris
1553 2292 1784 2344 duobus
1810 2291 2205 2357 superioribus
2226 2291 2481 2344 Planetis

276 2361 526 2426 idipsum
545 2378 670 2414 non
689 2365 906 2427 pariter
920 2362 1182 2427 quadret,
1205 2378 1461 2427 quorum
1475 2363 1721 2415 limitem
1736 2364 1945 2415 Boreae
1959 2363 2283 2415 latitudinis
2296 2365 2480 2414 maxi-

277 2448 392 2484 mae
420 2432 924 2486 PTOLEMAEUS
951 2436 1104 2486 circa
1129 2439 1186 2492 Q
1212 2437 1379 2486 initia
1406 2434 1509 2485 esse
1535 2434 1739 2494 voluit,
1767 2435 1869 2486 ubi
1895 2450 2058 2486 error
2082 2434 2480 2486 inclinationis

279 2504 573 2569 Eclipticae
605 2504 945 2557 insensibilis
976 2504 1096 2556 fere
1130 2505 1349 2566 evadit;
1385 2520 1638 2570 cumque
1669 2507 1718 2557 is
1750 2505 2122 2557 latitudinem
2154 2507 2480 2557 maximam

278 2575 533 2627 Boream
547 2575 800 2627 statuerit
815 2578 877 2627 in
895 2575 932 2641 b
951 2576 1008 2628 P.
1025 2576 1057 2627 3
1073 2576 1159 2629 M.
1175 2577 1225 2636 6,
1246 2592 1356 2628 nos
1377 2591 1501 2628 non
1520 2579 1810 2629 maiorem
1831 2576 2270 2641 deprehendere
2290 2579 2479 2641 potui-

277 2662 410 2698 mus
431 2647 489 2699 P.
510 2647 544 2698 2
565 2647 650 2699 M.
672 2647 787 2707 49⁷3,
816 2662 951 2712 quae
973 2647 1046 2699 ab
1067 2647 1170 2699 illo
1192 2646 1383 2700 deficit
1403 2647 1584 2712 paulo
1605 2647 1737 2711 plus
1757 2648 1834 2699 4ῒὸ
1852 2648 2067 2713 gradus
2087 2654 2268 2712 parte,
2297 2653 2352 2699 et
2377 2663 2478 2712 pa-

277 2720 416 2769 riter
434 2720 497 2769 in
520 2723 557 2777 ⁹4
582 2718 829 2770 latitudo
849 2721 1115 2771 maxima
1135 2719 1327 2771 Borea
1347 2719 1420 2771 ab
1441 2718 1544 2771 illo
1570 2718 1862 2772 infinuata
1883 2719 1957 2771 eft
1977 2719 2035 2771 P.
2057 2719 2091 2771 2
2113 2719 2198 2771 M.
2219 2719 2269 2779 5,
2298 2734 2480 2784 quam

277 2805 386 2841 nos
412 2789 614 2841 saltem
639 2792 819 2855 partis
841 2791 861 2841 l
882 2790 1033 2842 Min.
1054 2790 1156 2844 39⁴}
1174 2791 1401 2842 assecuti
1424 2790 1639 2851 sumuS,
1667 2793 1749 2843 ita
1768 2797 1832 2843 ut
1852 2791 1920 2843 25
1942 2790 2092 2842 Min.
2115 2793 2363 2842 omnino
2384 2790 2479 2843 de-

276 2860 491 2921 ficiant,
514 2876 649 2925 quae
672 2861 1004 2913 discrimina
1023 2864 1086 2913 in
1106 2868 1357 2926 utroque
1372 2861 1486 2914 hoc
1500 2861 1742 2914 Planeta
1761 2877 1865 2926 per
1885 2865 2170 2914 incertam
2184 2861 2479 2926 Eclipticae

278 2932 352 2984 ad
367 2932 755 2997 AEquatorem
776 2933 1222 2985 inclinationem
1244 2933 1504 2985 excusari
1524 2940 1843 2997 nequeunt,
1864 2933 2149 2998 liquidem
2166 2949 2290 2985 non
2305 2933 2479 2998 longe

277 3019 313 3055 a
343 3003 627 3056 concursu
659 3004 958 3069 utriusque
989 3004 1190 3056 circuli
1221 3007 1511 3057 eveniant.
1546 3005 1716 3057 Adde
1747 3011 1801 3057 et
1830 3005 1961 3066 hoc,
1994 3004 2242 3056 limitem
2270 3005 2478 3056 Boreae

276 3074 599 3127 latitudinis
630 3075 689 3140 b,
722 3091 900 3140 quem
928 3075 1434 3129 PTOLEMAEUS
1463 3076 1533 3128 50
1565 3076 1639 3128 G.
1669 3077 1936 3142 Apogaeo
1967 3078 2094 3128 eius
2123 3077 2480 3128 anteriorem

277 3147 532 3207 credidit,
555 3142 576 3214 ΙΙ
596 3162 755 3199 nunc
776 3147 849 3199 ab
865 3147 1149 3212 Apogae0,
1172 3147 1332 3212 quod
1352 3146 1537 3199 haeret
1557 3150 1620 3199 in
1640 3147 1708 3200 26
1725 3147 1798 3200 G.
1820 3153 1873 3206 ,Z
1902 3147 2271 3212 Coperniceo
2292 3147 2357 3201 31
2375 3162 2477 3198 an-

277 3220 456 3269 terius
487 3218 690 3270 distare
719 3220 783 3270 in
811 3219 1217 3271 antecedentia
1242 3218 1300 3270 P.
1323 3219 1438 3279 653,
1468 3218 1541 3271 fic
1571 3234 1809 3284 quoque
1838 3221 1901 3271 in
1924 3224 1986 3279 ⁷4,
2016 3218 2119 3270 ubi
2143 3221 2192 3270 is
2219 3218 2478 3270 Boreum

277 3288 600 3340 latitudinis
626 3292 945 3342 terminum
970 3290 1041 3342 20
1062 3289 1136 3342 G.
1163 3290 1431 3355 Apogaeo
1451 3289 1791 3342 ulteriorem
1811 3290 2061 3350 tradidit,
2088 3305 2247 3342 nunc
2268 3288 2477 3341 eodem

277 3359 309 3410 3
330 3359 698 3413 solummodo
722 3361 1020 3414 Gradibus
1040 3361 1317 3426 posterior
1337 3377 1374 3413 a
1392 3377 1488 3413 me
1509 3361 1877 3414 adinventus,
1901 3362 2166 3425 Occupat
2186 3363 2345 3483 etnim
2364 3359 2477 3411 hoc

2237 3446 2476 3496 empore

2535 1096 2577 1131 10

2536 1451 2577 1486 15

2532 1807 2578 1842 20

2530 1938 2559 1981 ‘1‘

2530 2165 2577 2200 25

2529 2522 2576 2557 30

2528 2878 2575 2913 35
