2652 4022
278 302 368 353 194
810 298 1248 351 EPISTOLAE
1274 298 1943 352 ASTRONOMICAE

276 443 424 494 mihi
437 441 769 505 tempestive
785 446 839 492 et
853 440 1281 493 clementissime
1295 441 1619 507 prospicere
1633 441 1822 494 vellet.
1840 441 1993 504 Quae
2007 441 2144 494 sane
2157 441 2474 507 benignissi-

275 529 438 566 mam
465 519 519 564 et
544 527 668 563 non
692 511 998 576 vulgarem
1019 511 1163 564 Caes.
1186 510 1349 564 Ma“is
1370 528 1506 578 erga
1531 529 1627 565 me
1654 511 2025 566 affectionem
2051 512 2214 564 haud
2237 511 2475 565 obscure

277 584 596 643 declarant;
619 582 778 647 quod
799 585 978 635 etiam
996 581 1391 636 subieciissimo
1411 587 1615 636 animo
1637 599 1818 649 quam
1837 584 2139 649 gratissime
2159 585 2399 648 accipi0,
2421 590 2477 637 et

276 655 429 707 dabo
444 669 703 718 operam,
726 653 1045 706 adiuvante
1060 654 1325 707 Numine
1341 655 1569 716 coelesti,
1584 663 1647 707 ut
1663 671 1735 707 ea
1749 671 1884 720 quae
1899 654 2075 720 ipfius
2089 652 2229 707 Mati
2243 655 2476 707 vicissim

276 726 704 778 clementissime
727 732 965 790 accepta
986 732 1040 778 et
1059 725 1392 778 honorifica
1412 727 1515 778 esse
1535 729 1804 791 poterint,
1831 741 1939 790 pro
1959 726 2114 778 virili
2135 726 2333 790 quoad
2351 728 2474 778 vix-

276 813 377 849 ero
403 796 735 848 humillime
762 803 817 849 et
843 796 1339 861 obsequentissime
1363 797 1644 862 praertem.
1672 798 1831 849 Licet
1850 813 1991 850 vero
2019 799 2126 849 iter
2144 796 2475 849 Viennense

276 869 349 920 ob
370 868 860 933 longinquitatem
881 875 934 920 et
954 871 1190 934 negotia
1208 884 1345 921 mea
1363 869 1617 921 necdum
1632 868 1950 921 Benachiae
1971 867 2122 921 recte
2143 867 2475 933 composita,

274 939 527 991 modeste
558 946 612 991 et
641 939 944 991 humiliter
973 939 1297 992 excusarim
1328 940 1509 1005 (quod
1541 947 1595 992 et
1624 939 1799 1005 ipfius
1826 937 1966 992 Mati
1992 955 2116 992 non
2142 939 2476 1004 displicuisse

274 1011 470 1075 postea
490 1010 774 1074 intellexi)
796 1017 1012 1072 tamen,
1034 1014 1119 1063 uti
1140 1009 1357 1064 dictum
1379 1011 1469 1073 est,
1490 1011 1607 1064 huc
1630 1011 1941 1064 Girfitzam
1961 1010 2225 1063 secedere
2245 1026 2370 1063 non
2388 1013 2474 1062 in-

276 1082 605 1134 consultum
619 1082 776 1134 duxi.
799 1082 974 1135 Unde
991 1081 1354 1135 Benachiam
1368 1082 1610 1135 subinde
1627 1098 1950 1143 excurrere,
1973 1089 2149 1147 atque
2166 1080 2476 1136 struc‘turas

274 1153 434 1206 isthic
454 1169 561 1219 pro
581 1169 677 1205 me
697 1152 1005 1206 inchoatas
1025 1169 1248 1219 urgere,
1271 1160 1561 1219 quantum
1581 1170 1685 1220 per
1703 1170 1800 1206 me
1820 1154 1968 1215 licet,
1996 1169 2121 1205 non
2140 1156 2474 1206 intermitte.

348 1224 525 1288 Quod
546 1224 617 1277 de
638 1225 832 1277 Patria
851 1240 987 1278 mea
1006 1241 1147 1277 mox
1166 1224 1480 1291 subiungiS,
1508 1232 1562 1278 te
1583 1241 1707 1278 non
1726 1228 1945 1286 mirari,
1974 1240 2108 1277 eam
2127 1240 2222 1277 me
2243 1224 2475 1291 neglex-

274 1297 382 1357 isse,
405 1312 541 1348 cum
560 1299 644 1348 ita
663 1295 793 1348 fieri
811 1295 1006 1356 soleat,
1029 1312 1136 1362 ego
1156 1296 1294 1349 sane
1314 1312 1449 1349 mea
1467 1297 1538 1349 de
1557 1296 1729 1349 causa
1749 1295 1899 1348 nihil
1918 1296 2055 1348 inde
2076 1295 2319 1357 afficior,
2341 1311 2476 1348 cum

274 1368 354 1420 ibi
385 1368 488 1420 esse
517 1368 790 1429 Patriam,
823 1368 925 1420 ubi
953 1367 1103 1420 bene
1134 1374 1190 1420 et
1219 1368 1528 1420 commode
1557 1371 1787 1429 vivitur,
1822 1367 2105 1420 censeam.
2140 1367 2254 1420 Sed
2281 1369 2477 1432 potius

274 1439 449 1504 ipsius
464 1439 674 1491 Patriae
695 1438 868 1491 causa
889 1439 1079 1500 doleo,
1102 1455 1237 1504 quae
1257 1446 1567 1504 propterea
1580 1440 1739 1503 apud
1754 1439 2111 1491 cordatiores
2125 1438 2281 1491 male
2295 1438 2475 1499 audit,

276 1517 331 1563 et
345 1510 543 1563 audiet
557 1510 750 1562 forsan
765 1510 998 1570 diutiuS,
1022 1526 1203 1575 quam
1223 1510 1498 1563 nonnulli
1518 1513 1581 1562 in
1602 1526 1674 1562 ea
1692 1510 1872 1562 huius
1891 1512 2236 1562 mutationis
2255 1508 2476 1562 machi-

275 1588 511 1634 natores
537 1581 861 1646 praevidere
888 1587 990 1634 aut
1016 1582 1250 1634 credere
1276 1588 1610 1646 potuerunt.
1639 1582 1719 1634 Ut
1744 1597 1886 1633 vero
1913 1579 2123 1634 redtius
2148 1580 2475 1646 perspicias,

276 1669 457 1718 quam
486 1668 691 1718 graves
720 1652 1032 1704 habuerim
1059 1655 1458 1718 emigrationis
1487 1652 1667 1704 huius
1695 1652 1913 1713 causaS,
1943 1654 2109 1705 mitto
2138 1651 2478 1705 fasciculum

274 1725 614 1784 litterarum,
656 1739 755 1776 eas
790 1740 894 1789 per
929 1724 1384 1776 circumstantias
1420 1726 1860 1788 exponentium,
1896 1727 2046 1776 inter
2078 1739 2227 1788 quas
2258 1723 2476 1788 aliquae

274 1796 418 1855 sunt,
446 1795 827 1855 occasionem,
855 1811 959 1847 cur
981 1798 1043 1846 in
1065 1795 1354 1848 Caesareae
1381 1793 1544 1847 Maiis
1571 1796 1853 1848 ditionem
1879 1795 2118 1847 tranfire
2144 1794 2475 1855 maluerim,

276 1867 654 1919 ostendenteS.
678 1866 896 1919 Casum
915 1882 1058 1919 vero
1079 1866 1240 1919 hunc
1259 1866 1610 1919 iamdudum
1630 1882 1667 1919 a
1686 1882 1781 1919 me
1801 1866 2115 1932 praevisum
2134 1865 2307 1927 fuisse,
2331 1866 2478 1919 liber

275 1938 463 1990 noster
489 1937 878 2002 Epistolarum
908 1938 1110 2003 (quem
1135 1945 1190 1990 te
1217 1938 1293 1991 ad
1319 1954 1535 1990 manus
1563 1938 1799 1999 habere,
1830 1954 1903 1990 ex
1930 1938 2223 2003 prioribus
2248 1940 2364 1990 tuis
2389 1940 2475 1989 in-

274 2009 495 2073 tellexi)
529 2012 778 2061 innuere
810 2011 1036 2074 poterit,
1072 2012 1289 2075 pagina
1320 2010 1413 2062 198
1445 2012 1608 2062 iuxta
1642 2009 1863 2062 calcem
1897 2016 1951 2061 et
1982 2012 2046 2061 in
2076 2011 2365 2074 principio
2396 2008 2476 2060 se-

275 2084 523 2146 quentiS.
553 2080 828 2145 Cumque
854 2081 1101 2145 praevisa
1120 2081 1238 2133 tela
1256 2083 1455 2133 minus
1475 2081 1703 2140 feriant,
1732 2096 1839 2146 ego
1862 2080 2019 2133 hanc
2038 2080 2202 2132 sortis
2222 2095 2374 2133 meae
2393 2082 2475 2132 vi-

275 2152 667 2212 cissitudinem,
704 2158 834 2204 utut
867 2151 980 2204 hac
1011 2152 1400 2205 invalescente
1433 2159 1621 2213 aetate,
1655 2159 1711 2204 et
1741 2155 1804 2204 in
1835 2159 2000 2204 tanta
2030 2151 2273 2204 familiae
2305 2153 2477 2216 copia

274 2239 529 2289 gravem,
557 2226 873 2288 patientius
901 2230 956 2278 et
981 2223 1189 2275 fortius
1215 2224 1357 2277 fer0.
1384 2224 1604 2276 Addidi
1627 2223 1796 2276 fimul
1816 2226 2080 2276 carmina
2100 2223 2378 2288 quaedam
2397 2222 2476 2274 se-

274 2294 426 2349 lecta,
448 2310 520 2346 ex
547 2310 728 2359 quam
753 2294 1022 2358 plurimis
1047 2297 1111 2346 in
1136 2310 1335 2347 meam
1360 2297 1623 2360 gratiam,
1651 2295 1957 2360 postquam
1977 2295 2178 2347 Dania
2199 2295 2413 2354 excessi,
2441 2309 2478 2346 a

274 2369 453 2431 varijs
479 2366 618 2417 hinc
639 2366 775 2417 inde
797 2366 988 2417 Poetis
1009 2369 1384 2426 concinnata;
1413 2365 1676 2430 exspecto
1702 2367 1866 2419 brevi
1890 2366 2078 2431 plura,
2105 2373 2232 2418 tum
2252 2365 2327 2418 ab
2346 2365 2475 2417 illu-

274 2437 366 2489 stri
387 2438 652 2489 Domino
673 2436 1018 2489 IOSEPHO
1040 2436 1490 2490 SCALIGERO
1513 2444 1566 2489 et
1585 2437 1900 2489 Poetarum
1926 2437 2101 2489 nostri
2120 2436 2296 2489 seculi
2315 2442 2475 2488 ante-

275 2508 531 2573 fignan0‚
559 2508 827 2560 PAULO
850 2508 1204 2568 MELISSO,
1229 2514 1355 2560 tum
1376 2523 1615 2573 quoque
1636 2509 1768 2573 alijs
1788 2508 1959 2560 claris
1979 2510 2042 2559 in
2062 2507 2232 2560 Italia
2251 2514 2306 2559 et
2327 2506 2474 2559 Ger-

275 2582 478 2632 mania
498 2595 565 2631 ac
585 2581 793 2631 vicinis
814 2579 1042 2643 Regnis,
1069 2580 1323 2640 vatibus;
1350 2579 1391 2630 fi
1418 2582 1519 2643 qui
1545 2582 1608 2630 in
1626 2579 1811 2631 vestra
1830 2579 2086 2631 Bavaria
2112 2585 2214 2631 aut
2238 2581 2474 2643 propin-

276 2667 395 2715 qua
415 2650 675 2715 Augusta
696 2650 1138 2702 Vindelicorum
1156 2650 1286 2702 sunt
1307 2650 1414 2714 (uti
1435 2651 1538 2702 esse
1558 2666 1682 2702 non
1703 2649 1929 2714 dubito)
1951 2652 2054 2715 qui
2074 2651 2145 2702 de
2166 2649 2477 2702 Heliconis

274 2722 533 2774 fontibus
553 2721 805 2773 suaviter
817 2736 1001 2774 venas
1022 2728 1323 2782 acuerunt,
1346 2722 1421 2774 da
1442 2737 1685 2786 operam
1705 2729 1769 2773 ut
1788 2737 2106 2773 numerum
2126 2722 2474 2785 adaugeant.

275 2794 428 2845 Fieri
446 2795 605 2845 enim
622 2792 816 2858 potest,
837 2798 901 2844 ut
915 2792 1239 2857 aliquando
1253 2793 1355 2845 ubi
1368 2795 1431 2844 in
1444 2793 1803 2845 mediocrem
1816 2792 2082 2845 libellum
2097 2794 2475 2852 excreverint,
2495 2791 2500 2796 ’

276 2881 347 2917 ea
375 2864 662 2929 publicari
690 2863 898 2924 finam;
928 2867 1010 2916 ita
1037 2870 1238 2917 tamen
1263 2870 1327 2916 ut
1352 2864 1547 2916 Patria
1573 2870 1628 2916 et
1654 2864 1776 2916 Rex
1801 2866 2030 2929 virique
2059 2866 2122 2915 in
2153 2879 2224 2916 ea
2251 2866 2474 2929 integri,

277 2936 490 3000 quibus
507 2938 704 2987 invitis
720 2935 862 2988 talia
878 2934 1026 2986 mihi
1042 2937 1424 3000 contigerunt,
1447 2934 1804 2987 excusabiles
1821 2935 1942 2987 fint.
1965 2935 2106 2987 Duo
2121 2935 2329 2987 ultima
2343 2935 2475 2999 Epi-

275 3014 617 3072 grammata,
640 3022 776 3059 cum
795 3006 946 3070 saepe
968 3004 1153 3059 dicius
1173 3006 1420 3072 Magnis.
1437 3006 1735 3058 Dominus
1753 3006 2171 3059 BARVITIUS
2187 3005 2476 3058 Caesareae

277 3076 416 3130 Mati
446 3080 688 3130 nomine
714 3093 849 3130 meo
878 3077 1211 3129 humillime
1238 3077 1568 3138 ostendisset‚
1600 3078 1923 3142 quaerendo
1949 3093 2029 3129 an
2054 3077 2250 3129 liceret
2275 3079 2475 3129 ianuae

276 3152 509 3213 utrique
541 3152 683 3201 novi
715 3148 1107 3214 Observatorij
1144 3156 1198 3200 et
1231 3149 1594 3214 Laboratorij
1630 3151 1914 3201 marmori
1946 3148 2124 3200 incisa
2152 3151 2474 3213 imponere,

2529 1101 2572 1135 10

2530 1458 2572 1493 1⁵

2526 1813 2575 1848 20

2525 2169 2571 2204 25

2525 2880 2572 2915 35

276 3220 450 3284 ipfius
475 3221 647 3272 Ma‘tas
668 3220 1095 3272 clementissime
1122 3223 1332 3272 annuit
1358 3226 1534 3284 atque
1561 3220 1634 3271 fic
1659 3219 1788 3272 fieri
1813 3221 1973 3272 iussit.
2002 3219 2261 3283 Quando
2288 3221 2475 3271 otium
2523 3235 2571 3269 40

277 3307 313 3342 a
338 3292 703 3355 gravioribus
730 3290 1214 3355 occupationibus
1239 3290 1343 3343 tibi
1369 3291 1557 3351 fuerit,
1586 3294 1803 3355 poteris
1831 3298 1886 3343 et
1911 3290 2040 3343 haec
2067 3297 2122 3342 et
2146 3293 2345 3355 priora
2371 3289 2474 3342 dis-

277 3363 483 3414 cessum
498 3377 699 3415 meum
715 3378 746 3416 e
761 3362 963 3415 Dania
977 3364 1334 3427 attingentia,
1357 3362 1541 3414 obiter
1560 3362 1904 3427 perlustrare
1923 3362 2144 3426 tibique
2165 3361 2474 3482 reservgrel.

2403 3445 2434 3482 e
