2678 4022
110 1103 152 1138 10

201 302 505 357 TYCHO
531 304 654 357 AD
682 304 910 358 OLIG.
938 305 1762 362 ROSENCRANTZIUM
1788 308 1852 362 10
1877 309 2078 363 AUG.
2106 310 2252 363 1598
2332 309 2402 363 89

200 449 316 498 turi
335 446 442 499 fint
459 462 569 499 nec
588 462 681 506 ne,
701 446 907 511 susque
927 448 1118 512 deque
1138 448 1279 500 fero.
1302 450 1429 501 Nec
1448 450 1587 502 sane
1606 451 1679 503 ob
1697 452 1756 504 id
1775 452 1861 503 illi
1878 453 2402 505 communicandos

202 517 425 578 censeo,
455 518 616 582 quod
644 517 717 569 fic
746 518 921 582 ipfius
950 522 1199 584 gratiam
1227 524 1513 585 aucupari
1542 525 1799 586 cupiam;
1831 539 1967 575 cum
1994 523 2077 576 sat
2104 523 2296 584 sciam,
2327 539 2403 576 ne

202 589 442 652 quidem
461 591 700 654 gratiori
718 604 966 642 munere
987 590 1189 655 aliquo
1204 598 1306 642 aut
1321 595 1533 655 quovis
1548 592 1744 645 officio
1759 594 1833 646 ob
1850 610 1967 654 eOS,
1990 595 2203 659 quibus
2216 597 2403 660 magis

200 659 501 720 auscultat,
527 660 587 711 id
606 662 908 724 impetrari
928 662 1078 726 posse
1101 661 1284 726 (quod
1304 669 1360 714 et
1380 662 1616 715 cordate
1636 663 1784 728 fero)
1805 666 1900 717 vel
1919 666 2104 718 literae
2124 681 2276 718 meae
2292 666 2403 718 Ro·

136 748 153 767 r
200 730 418 782 stochio
438 730 662 796 scriptae
679 747 815 783 cum
834 731 938 784 suo
958 732 1230 797 responso
1251 733 1529 796 (necdum
1550 730 1570 802 ΙΙ
1591 738 1675 786 uti
1695 736 2080 799 pollicebaris,
2102 737 2402 801 critizatae)

199 801 333 854 satis
364 801 652 867 superque
683 803 950 855 testatum
981 804 1338 869 relinquunt.
1373 805 1501 856 Nec
1533 804 1651 870 fi[c]
1686 808 2082 871 intempestive
2117 807 2401 874 [supplex]

199 872 298 933 fio,
319 888 456 925 cum
468 872 620 925 nihil
633 881 846 938 petam,
865 874 1016 926 nihil
1030 875 1322 940 deprecer,
1340 876 1491 928 nihil
1504 876 1840 941 supplicem,
1855 879 1950 930 sed
1963 882 2158 943 potius
2172 879 2404 932 labores

199 959 366 996 meos
396 960 546 1009 quos
576 943 719 1009 [ille]
751 961 887 997 cum
914 946 1030 998 suis
1059 947 1401 1012 aspernatus
1432 947 1522 1007 est,
1552 963 1648 999 me
1679 948 1899 1001 Caesari
1927 966 2086 1002 nunc
2116 951 2402 1012 dedicare,

198 1015 504 1080 aliumque
525 1022 703 1080 atque
723 1017 875 1069 adeo
894 1017 1192 1070 summum
1212 1018 1445 1083 Imperij
1470 1026 1644 1083 caput
1664 1035 1771 1084 pro
1791 1021 2112 1073 studiorum
2131 1038 2404 1074 meorum

201 1086 534 1139 Maecenate
555 1103 838 1152 quaerere,
860 1088 1197 1153 posthabitis
1217 1090 1616 1142 invidentibus
1631 1098 1686 1142 et
1700 1091 2149 1145 detrectantibus
2167 1092 2400 1158 [Danis]

199 1157 438 1210 ostendo
465 1158 821 1224 ostentoque‚
849 1167 913 1212 ut
937 1160 1052 1212 hoc
1077 1163 1273 1226 potius
1295 1161 1359 1225 (fi
1379 1162 1521 1226 quid
1541 1161 1689 1214 foret
1710 1163 2191 1227 insimulandum)
2214 1164 2404 1229 culpae

199 1232 478 1293 imputari
497 1231 685 1295 posset,
708 1247 890 1295 quam
911 1232 1071 1296 quod
1089 1235 1267 1284 nimis
1286 1248 1383 1284 me
1405 1233 1786 1285 demitterem.
1801 1234 1894 1286 Tu
1915 1237 2129 1299 itaque,
2150 1238 2234 1287 mi
2250 1236 2404 1288 OLI-

201 1300 426 1360 GERE,
447 1304 695 1354 omnino
715 1302 896 1354 libros
918 1301 1101 1368 [Regi]
1123 1304 1287 1356 trade
1303 1306 1368 1355 in
1380 1320 1613 1365 manuS‚
1634 1304 1748 1356 five
1767 1304 2030 1370 [volenti]
2046 1306 2161 1358 five
2178 1305 2404 1372 [repug-

200 1371 406 1436 nanti],
433 1379 536 1424 aut
555 1372 597 1424 fi
615 1373 675 1425 id
694 1374 796 1426 tibi
817 1375 1201 1426 commodum
1226 1391 1351 1426 non
1375 1375 1566 1436 fuerit,
1593 1375 1685 1428 fac
1711 1384 1775 1428 ut
1799 1392 1903 1441 per
1929 1377 2194 1441 aliquem
2220 1378 2406 1430 alium

136 1462 157 1479 v
200 1458 488 1504 meorum,
510 1451 613 1496 aut
633 1447 811 1496 etiam
831 1444 1313 1511 [RAMELIUM]
1334 1447 1392 1499 id
1409 1446 1533 1507 fiat;
1555 1450 1637 1499 ita
1653 1454 1870 1508 tamen,
1886 1443 1907 1516 ΙΙ
1921 1455 1985 1500 ut
2003 1464 2107 1512 per
2121 1449 2405 1513 quoscun-

201 1529 316 1579 que
337 1514 451 1566 five
470 1516 856 1580 temetipsum
869 1517 964 1569 vel
981 1517 1132 1569 alios
1150 1518 1290 1583 Regi
1309 1521 1699 1583 porrigantur,
1720 1519 1840 1580 tibi,
1861 1519 2146 1584 fiquidem
2160 1521 2282 1572 Rex
2299 1520 2406 1584 (uti

199 1585 338 1649 scio)
367 1586 582 1639 talibus
617 1585 760 1651 [imo
789 1588 968 1640 nullis
1003 1589 1186 1652 (quod
1215 1589 1583 1654 dolendum)]
1618 1590 1780 1642 libris
1810 1589 2144 1651 delectatur,
2180 1592 2405 1643 cedant.

200 1657 473 1709 Invenies
498 1657 669 1710 facile
695 1662 1003 1711 rationem.
1033 1660 1212 1724 Quod
1239 1668 1294 1712 et
1319 1667 1511 1722 antea,
1539 1677 1675 1713 cum
1701 1677 1937 1714 mecum
1962 1662 2059 1714 hic
2080 1663 2230 1724 esses,
2257 1678 2405 1728 prae-

199 1731 426 1781 monui.
448 1728 552 1781 Sin
573 1728 739 1794 [Rex]
762 1731 1001 1795 ipsemet
1022 1731 1206 1796 (quod
1229 1730 1543 1797 [miraculi]
1565 1733 1697 1785 loco
1719 1733 2011 1797 duxerim)
2034 1749 2136 1786 eos
2156 1737 2406 1786 retinere

199 1799 470 1861 voluerit,
498 1807 601 1852 aut
627 1803 807 1853 etiam
831 1809 1044 1867 praeter
1064 1818 1307 1854 omnem
1332 1804 1587 1856 nostram
1612 1805 2022 1868 praevifionem
2043 1812 2098 1857 et
2118 1805 2406 1857 amolitio-

200 1873 416 1923 nemin
430 1871 703 1933 aliorum,
725 1889 983 1938 quorum
1003 1889 1187 1938 quam
1205 1877 1451 1926 minime
1470 1875 1775 1936 vellemuS,
1797 1876 2136 1940 potestatem
2157 1877 2406 1929 devene-

199 1945 331 2004 rint,
352 1943 412 1995 id
431 1942 742 1996 ferendum
763 1947 886 1996 erit.
909 1945 1206 2006 Habeant,
1228 1947 1389 2010 quod
1407 1949 1579 1998 tacite
1599 1947 1907 2012 suspiciant
1920 1954 2096 2012 atque
2111 1948 2406 1999 admiren-

198 2021 309 2074 tur,
337 2015 615 2079 quodque
643 2031 852 2080 capere
878 2022 983 2068 aut
1008 2019 1225 2068 imitari
1251 2033 1375 2069 non
1401 2019 1619 2082 possint,
1646 2018 1847 2083 palam
1869 2034 2011 2070 vero
2038 2026 2244 2071 contra
2270 2035 2406 2088 con7

199 2085 500 2138 scientiam
531 2086 639 2150 (uti
666 2086 873 2151 solent)
906 2088 1134 2148 rodant,
1169 2095 1503 2150 extenuent,
1536 2092 1830 2142 invertant
1860 2096 1915 2141 et
1944 2090 2308 2142 cavillentur.
2342 2091 2407 2143 Id

199 2156 457 2221 populus
487 2164 652 2210 curat
679 2157 905 2210 scilicet.
936 2159 1099 2211 Faxo
1129 2166 1345 2220 autem,
1377 2155 1397 2228 ΙΙ
1426 2160 1468 2211 fi
1496 2176 1590 2212 res
1618 2163 1700 2213 ita
1729 2161 2014 2222 ceciderit,
2046 2168 2110 2213 ut
2139 2168 2204 2213 tu
2229 2177 2405 2223 nova,

201 2230 381 2280 etiam
393 2226 547 2293 picta
560 2235 616 2280 et
629 2236 841 2282 ornata
854 2230 1123 2282 obtineas
1138 2231 1516 2296 exemplaria,
1532 2233 1747 2296 quibus
1761 2233 1917 2284 hanc
1930 2231 2216 2285 iacturam
2230 2233 2406 2294 leveS‚

199 2298 459 2364 praefixis
480 2302 659 2352 etiam
679 2301 1055 2361 carminibUS‚
1076 2301 1172 2354 sed
1192 2305 1254 2354 in
1274 2309 1329 2354 te
1351 2301 1596 2364 directi&
1625 2304 1828 2368 qualia
1853 2319 2059 2368 nuper,
2087 2304 2230 2355 dum
2250 2304 2407 2356 Duci

198 2370 562 2423 IOHANNI
572 2371 967 2425 ADOLPHO
983 2372 1094 2424 hos
1105 2373 1285 2425 libros
1297 2374 1457 2426 dono
1468 2377 1778 2436 mitterem,
1793 2375 2247 2440 praeposueram,
2263 2391 2406 2440 quo—

199 2457 333 2494 rum
352 2449 618 2494 tenorem
639 2445 702 2495 in
721 2442 1000 2496 adiund'ta
1019 2443 1231 2497 scheda
1250 2444 1451 2497 habes,
1473 2446 1647 2498 Liber
1660 2445 1732 2498 de
1748 2446 1939 2498 Stellis
1961 2454 2084 2498 erat
2103 2448 2166 2497 in
2186 2446 2405 2507 charta,

200 2527 325 2565 non
336 2514 687 2566 membrana
699 2514 955 2580 scriptus,
972 2516 1043 2567 Et
1055 2515 1216 2567 hunc
1228 2516 1384 2568 Duci
1396 2517 1812 2570 ULDARICO
1827 2517 2272 2583 Megapolitano
2284 2534 2408 2570 non

201 2585 456 2645 concessi,
487 2601 625 2637 cum
652 2586 905 2638 alterum
933 2602 1125 2651 nuper
1153 2588 1487 2652 antepofitis
1515 2591 1693 2640 etiam
1718 2589 1834 2641 suis
1861 2590 2221 2641 carminibus
2247 2589 2406 2641 dono

199 2658 506 2708 mitterem.
535 2656 760 2720 Quanti
781 2664 1078 2723 utrunque
1104 2658 1320 2719 fecerit,
1348 2675 1528 2724 quam
1551 2664 1794 2712 comiter
1814 2667 1869 2712 et
1888 2661 2139 2725 benigne
2159 2660 2407 2713 TENG-

202 2726 593 2780 NAGLIUM
623 2744 826 2780 meum
854 2733 1163 2794 exceperit,
1195 2746 1377 2794 quam
1406 2738 1602 2796 gratus
1635 2747 1771 2797 erga
1798 2747 1895 2783 me
1921 2732 2110 2792 fuerit,
2141 2738 2318 2796 atque
2345 2734 2407 2783 in

137 2815 159 2833 v
201 2798 494 2862 posterum
515 2800 618 2851 esse
632 2799 788 2861 velit,
810 2808 865 2853 et
885 2817 1067 2865 quam
1082 2801 1354 2853 clementi
1369 2797 1390 2870 ΙΙ
1405 2803 1661 2867 denique
1682 2803 1885 2855 favore
1906 2819 2002 2854 me
2022 2803 2408 2867 prosequatur

202 2869 405 2922 Sernnus
420 2869 649 2923 Eleetor
666 2871 1052 2933 ColonienHS‚
1074 2888 1147 2924 ex
1166 2875 1254 2938 ijs,
1277 2889 1412 2938 quae
1428 2874 1503 2926 ad
1519 2874 1902 2927 CRAGIUM
1923 2874 2182 2925 nostrum
2201 2874 2405 2938 scripfi,

200 2940 526 3005 cognosceS,
547 2948 604 2993 et
623 2942 999 3007 aliquatenus
1020 2946 1198 2996 etiam
1219 2960 1292 2996 ex
1311 2944 1600 2997 adiunffls
1620 2945 1924 2997 literarum
1946 2945 2246 3009 exempliS,
2269 2961 2404 3009 quae

201 3027 338 3063 cum
353 3011 660 3065 CRAGIO
676 3029 915 3078 quoque
936 3018 1354 3077 communiceS‚
1374 3016 1694 3081 praesertim
1715 3033 1850 3081 quae
1872 3024 2048 3068 antea
2067 3032 2192 3068 non
2211 3015 2405 3075 habet,

200 3082 398 3142 velim,
425 3090 489 3135 ut
515 3090 571 3135 et
595 3084 694 3136 ille
720 3085 913 3137 nostra
934 3086 1054 3138 tibi.
1083 3086 1238 3149 Quae
1259 3090 1420 3139 enim
1439 3087 1607 3139 alteri
1626 3088 1875 3139 vestrum
1898 3087 2081 3139 scribo
2101 3090 2404 3151 mittoque,

202 3156 436 3218 utrique
455 3154 639 3207 scribo
661 3162 716 3207 et
734 3159 901 3208 mitto
927 3157 1197 3221 pauculis
1217 3157 1636 3210 differentibus
1666 3159 2020 3222 Exemplum
2040 3158 2229 3223 scripti
2249 3159 2406 3210 istius

203 3224 410 3277 samofi
435 3226 595 3290 apud
615 3226 998 3280 CRAGIUM
1024 3229 1266 3289 videbis,
1297 3230 1473 3293 quale
1498 3230 1648 3281 mihi
1670 3230 2036 3281 Helmstadio
2061 3231 2287 3281 missum
2314 3230 2404 3281 est.

202 3296 443 3349 Addidit
464 3297 705 3361 quidam
734 3313 806 3349 ex
830 3301 979 3350 meis
1005 3299 1262 3352 studiofis
1289 3304 1705 3353 annotationes
1730 3300 2102 3366 marginaleS,
2130 3300 2232 3352 ubi
2258 3316 2404 3364 prae-

202 3370 373 3432 cipue
398 3367 463 3419 fit
487 3371 606 3420 mei
634 3368 966 3422 honorifica
991 3374 1231 3432 mentiO,
1262 3387 1337 3423 ne
1364 3372 1468 3423 diu
1493 3379 1615 3424 tam
1641 3372 2057 3424 memorabilia
2084 3372 2215 3424 loca
2245 3387 2404 3435 quae-

350 3450 393 3484 12
2221 3443 2405 3493 renda
