2678 4022
132 503 160 546 ‘l’

135 836 157 870 5

104 899 161 942 8ν

115 1192 157 1227 10

113 1550 154 1583 15

107 2263 152 2296 25

107 2974 153 3008 35

280 284 583 337 TYCHO
608 284 730 336 AD
755 283 982 337 OLIG.
1009 284 1834 338 ROSENCRANTZIUM
1858 286 1891 338 8
1915 286 2099 338 MAI.
2125 287 2271 339 1598
2345 287 2412 339 67

208 429 373 479 iuxta
399 426 636 487 calcem,
669 425 798 479 Saa
817 424 965 492 skal
983 427 1019 478 I
1026 423 1136 492 see
1160 427 1282 479 hor
1302 426 1531 494 hafflig
1550 426 1662 495 ieg
1682 428 1888 481 haver
1904 431 2151 496 ganget
2175 443 2275 480 om
2303 430 2418 482 der

208 499 367 560 med,
389 497 492 551 for
508 497 809 551 Sandbed
822 498 1003 550 Iader
1011 494 1106 564 sig
1121 496 1266 550 icke
1279 495 1457 565 fiige:
1474 498 1569 550 sed
1590 498 1737 551 forte
1757 499 2038 552 malevoli
2058 506 2113 552 et
2133 499 2263 552 haec
2282 500 2411 552 fini-

207 569 313 621 stre
333 569 870 634 interpretabuntur
889 583 1056 620 more
1075 568 1259 621 solito.

1042 721 1506 776 POSTSCRIPT
1504 723 1576 775 A.

269 817 546 870 ITERAS
560 817 725 878 aliaS‚
742 833 890 882 quas
904 816 1008 869 scis
1022 833 1118 869 me
1134 817 1209 870 ad
1222 820 1420 869 varias
1433 818 1730 882 Principes
1744 819 2089 872 Germaniae
2103 820 2378 885 scripfisse,
2389 816 2410 889 ΙΙ

344 905 468 941 non
491 889 633 941 duxi
657 889 987 941 consultum
1012 891 1083 954 ijs
1109 891 1354 949 mittere,
1382 896 1704 953 antequam
1726 891 1796 941 de
1819 891 2068 943 Caesaris
2088 892 2409 953 voluntate,

204 960 511 1025 postquam
537 962 951 1012 intercessorias
972 960 1341 1013 Colonienfis
1362 967 1417 1012 et
1436 976 1601 1012 meas
1625 961 1727 1025 ipfi
1752 978 1888 1013 cum
1912 962 2074 1014 libris
2101 963 2409 1015 destinatas

204 1035 508 1096 acceperit,
546 1032 851 1096 quidpiam
884 1034 1023 1083 certi
1056 1037 1423 1096 compertum
1455 1031 1728 1092 habeam,
1766 1049 1841 1084 ne
1873 1036 1936 1085 in
1967 1034 2233 1098 pluribus
2264 1034 2408 1087 locis

204 1106 506 1168 negotium
525 1103 639 1155 hoc
658 1110 948 1155 tentatum
969 1102 1264 1155 difficilius
1284 1102 1432 1155 forte
1452 1102 1570 1163 fiat,
1594 1109 1650 1155 et
1667 1103 1934 1168 pluribus
1952 1104 2308 1158 anfractibus
2324 1109 2409 1157 in-

204 1174 476 1227 volutum
505 1175 782 1227 reddatur
809 1177 975 1227 iuxta
1002 1177 1203 1226 tritum
1231 1174 1400 1226 illud:
1432 1177 1534 1239 qui
1563 1175 1819 1239 Lepores
1849 1176 2019 1227 binos
2046 1183 2148 1228 etc.
2180 1177 2410 1229 Interea

202 1252 404 1298 tamen
417 1247 555 1307 iussi,
570 1253 634 1298 ut
648 1245 1145 1299 FRANCISCUS
1160 1245 1350 1298 noster
1363 1262 1500 1298 cum
1512 1246 1745 1298 Comite
1758 1247 2161 1299 MAURITIO
2177 1251 2240 1300 in
2253 1255 2408 1300 tran-

202 1316 309 1369 fitu
333 1333 438 1382 per
463 1317 567 1369 illa
591 1317 723 1370 loca
748 1332 884 1369 meo
911 1320 1155 1369 nomine
1180 1317 1397 1369 secreto
1422 1317 1716 1382 loquatur,
1741 1325 1805 1369 ut
1827 1318 2150 1383 intelligere
2175 1335 2407 1383 queam,

203 1389 344 1453 quid
364 1388 483 1453 spei
503 1388 566 1440 fit
586 1388 745 1453 apud
766 1389 1039 1450 BataVOS,
1060 1388 1102 1440 fi
1123 1388 1322 1441 Caesar
1342 1395 1398 1440 et
1420 1389 1749 1441 Germania
1773 1389 1970 1442 oblata
1997 1406 2120 1441 non
2147 1398 2408 1455 accepta-

203 1462 333 1520 rint‚
365 1460 616 1524 dedique
646 1460 758 1512 hac
786 1460 858 1512 de
887 1476 949 1511 re
980 1461 1056 1512 ad
1082 1459 1562 1513 MAURITIUM
1591 1460 1805 1521 literaS,
1835 1464 1917 1513 ita
1942 1468 2143 1513 tamen
2170 1468 2232 1513 ut
2259 1461 2409 1513 nihil

204 1531 463 1583 absolute
483 1531 809 1592 statuerem,
835 1531 932 1583 sed
952 1531 1404 1584 FRANCISCO
1427 1534 1631 1584 omnia
1656 1531 2031 1597 hypothetice
2052 1533 2254 1584 saltem
2277 1549 2407 1597 pro-

202 1603 481 1666 ponenda
507 1609 562 1655 et
589 1603 939 1667 expiscanda
965 1603 1321 1663 concredidi;
1351 1603 1535 1655 obtuli
1563 1606 1741 1655 etiam
1765 1604 2168 1657 MAURITIO
2197 1605 2316 1656 duo
2343 1605 2407 1656 11-

200 1674 444 1725 brorum
459 1674 838 1738 exemplaria,
857 1674 970 1726 hac
984 1681 1185 1726 tamen
1199 1674 1446 1734 cautela,
1463 1682 1526 1726 ut
1541 1690 1641 1726 eas
1655 1678 1826 1727 tacite
1840 1675 1942 1726 fibi
1955 1675 2060 1727 soli
2073 1675 2405 1736 reservaret,

203 1745 390 1796 donec
403 1745 639 1805 Caesari,
657 1748 751 1797 cui
766 1746 1126 1806 dedicantur,
1143 1745 1386 1797 exhibiti
1401 1747 1586 1797 essent.
1603 1746 1803 1798 Habet
1818 1749 1995 1798 etiam
2010 1746 2158 1799 alias
2170 1747 2406 1798 FRAN-

202 1816 482 1869 CISCUS
507 1816 703 1868 secum
730 1832 803 1868 ex
830 1817 1105 1881 operibus
1130 1819 1278 1868 meis
1305 1817 1530 1882 fingula
1550 1817 1827 1881 quaedam
1849 1818 2242 1882 Exemplaria‚
2270 1834 2406 1882 quae

203 1887 515 1940 illustribus
528 1895 583 1939 et
593 1891 906 1953 praecipuis
916 1890 1073 1946 viris,
1089 1895 1263 1952 prout
1274 1894 1636 1953 oportunum
1646 1888 1836 1949 fuerit,
1848 1889 2169 1941 monstrare
2179 1893 2405 1953 poterit,

203 1974 323 2023 quo
349 1959 589 2012 videant
614 1975 741 2011 rem
765 1959 913 2011 serio
939 1962 1049 2024 agi.
1077 1959 1322 2024 Iamque
1348 1962 1563 2011 iterum
1582 1959 1731 2020 vale,
1760 1967 1814 2011 et
1841 1958 2161 2013 Doctorem
2182 1961 2404 2012 NICO-

202 2030 440 2082 LAUM
471 2030 858 2083 KRAGIUM
887 2031 1163 2091 nostrum,
1197 2031 1274 2082 ad
1302 2046 1410 2082 vos
1441 2031 1647 2095 procul
1676 2032 1856 2083 dubio
1886 2031 2198 2091 reversum,
2232 2031 2304 2083 de
2334 2035 2405 2097 ijs

202 2117 338 2166 quae
353 2101 506 2153 hisce
519 2101 700 2154 literis
714 2101 918 2166 scripfi,
934 2105 1241 2154 certiorem
1255 2102 1449 2161 redde,
1466 2109 1758 2166 quatenus
1774 2118 1911 2154 eum
1922 2102 2061 2154 scire
2074 2105 2404 2163 conveniat,

202 2179 257 2224 et
277 2175 543 2225 carmina
562 2180 739 2238 atque
759 2173 973 2234 literas,
994 2180 1058 2225 ut
1077 2173 1302 2238 lingula
1319 2189 1424 2237 per
1445 2176 1631 2225 otium
1652 2173 1926 2239 perlegat,
1954 2190 2090 2226 cum
2110 2174 2231 2238 ipso
2252 2174 2405 2226 clam

202 2247 594 2304 communica,
617 2251 673 2296 et
690 2244 848 2296 illius
869 2260 1109 2309 quoque
1130 2245 1201 2296 de
1221 2247 1310 2310 ijs,
1332 2260 1468 2309 quae
1487 2244 1796 2309 perscripsi,
1819 2245 2123 2296 confilium
2145 2248 2402 2310 exquire.

201 2315 295 2367 De
312 2315 434 2380 ipso
452 2318 612 2368 enim
629 2315 780 2367 nihil
793 2315 1091 2377 addubit0‚
1113 2318 1260 2380 quin
1274 2316 1449 2368 rebus
1463 2316 1668 2368 nostris
1684 2332 1756 2368 ex
1770 2319 1974 2368 animo
1988 2316 2139 2368 bene
2154 2319 2366 2381 cupiat.
2383 2312 2403 2384 ΙΙ

271 2387 582 2451 Postquam
607 2387 737 2439 haec
764 2393 1004 2440 exarata
1029 2393 1211 2448 erant,
1239 2390 1439 2451 accepi
1460 2387 1819 2440 CRAMERI
1839 2391 1924 2439 tui
1943 2387 2140 2440 literas
2162 2394 2216 2439 et
2235 2388 2405 2439 binas

201 2457 277 2510 ad
296 2465 353 2510 te
371 2458 623 2523 scriptaS‚
646 2474 902 2523 quarum
922 2458 1124 2511 alterae
1139 2474 1176 2510 a
1188 2474 1285 2510 me
1301 2457 1465 2511 led'tae
1480 2458 1625 2520 sunt,
1646 2465 1821 2523 prout
1838 2459 1936 2511 ille
1954 2461 2017 2511 in
2034 2458 2404 2523 inscriptione

201 2531 478 2582 concessit.
499 2530 706 2582 Habes
726 2529 824 2582 hic
844 2530 1139 2594 utrasque;
1161 2545 1440 2595 cuperem
1458 2537 1662 2582 tamen
1675 2530 2089 2595 Apologeticas
2106 2530 2238 2582 illas
2254 2530 2403 2582 mihi

203 2603 434 2661 remitti,
455 2600 551 2653 sed
571 2603 734 2665 prius
753 2601 1144 2654 monstrentur
1158 2600 1403 2654 Doc‘tori
1417 2602 1801 2662 NICOLAO,
1823 2608 1887 2654 ut
1899 2602 2095 2654 videat
2116 2617 2297 2666 quam
2317 2604 2402 2653 in-

201 2687 391 2737 genue
413 2672 847 2725 CRAMERUS
873 2675 1180 2725 veritatem
1206 2680 1410 2725 contra
1435 2672 1678 2725 Scotum
1702 2673 1872 2725 illum
1897 2672 2256 2737 profiteatur.
2284 2673 2403 2725 Ad-

202 2742 322 2795 didi
349 2750 404 2795 et
430 2759 547 2803 eaS,
575 2759 724 2808 quas
749 2743 897 2795 mihi
923 2743 1149 2809 scripfit,
1176 2743 1310 2796 licet
1335 2744 1394 2796 id
1413 2747 1676 2804 vetuerit,
1704 2750 1767 2796 ut
1786 2744 1989 2796 videas
2016 2759 2088 2795 ex
2113 2744 2404 2808 ipfiusmet

200 2814 409 2875 verbiS,
442 2815 584 2879 quid
611 2814 751 2867 velit
779 2830 876 2867 me
905 2815 1009 2867 suo
1038 2818 1282 2868 nomine
1312 2815 1471 2880 apud
1499 2822 1554 2867 te
1584 2831 1773 2880 agere,
1806 2815 1966 2879 quod
1994 2822 2098 2866 tuo
2130 2815 2403 2879 relinquo

201 2885 458 2946 arbitrie,
479 2888 582 2950 qui
602 2889 821 2950 optime
842 2886 1003 2946 nosti,
1025 2887 1167 2951 quid
1187 2886 1300 2938 hac
1319 2889 1383 2938 in
1402 2902 1464 2938 re
1486 2889 1800 2938 conveniat
1819 2886 1915 2938 vel
1932 2886 2110 2937 secus,

274 2956 416 3008 Non
435 2955 543 3008 fuit
561 2957 710 3008 mihi
730 2960 918 3009 otium
937 2957 1134 3010 literas
1154 2957 1324 3010 hasce
1345 2957 1656 3023 relegendi,
1681 2957 1776 3010 sed
1796 2965 1859 3009 tu
1873 2973 1980 3022 pro
2000 2964 2103 3009 tua
2123 2956 2402 3008 industria

201 3026 547 3079 sententiam
562 3027 732 3080 facile
750 3031 1050 3093 percipieS,
1071 3029 1113 3080 fi
1133 3045 1253 3094 qua
1266 3032 1329 3081 in
1342 3036 1506 3093 parte
1521 3032 1670 3081 inter
1683 3028 2050 3080 scribendum
2064 3028 2401 3079 aberratum

203 3098 294 3159 est,
316 3105 417 3150 aut
436 3097 583 3150 forte
603 3101 1059 3163 praetermissum.
1977 3133 2043 3186 T·
2064 3134 2129 3186 T·
2151 3134 2215 3186 B·
2238 3130 2258 3201 ΙΙ

345 3428 390 3463 9·
1890 3417 2399 3471 POSTSCRIPTA
