2678 4022
299 305 368 359 98
830 302 1269 355 EPISTOLAE
1295 302 1963 357 ASTRONOMICAE

299 447 522 499 Divina
547 445 873 505 clementia,
902 447 1344 509 quamprimum
1371 461 1575 497 currus
1600 461 1782 506 meos,
1814 461 1963 510 quos
1989 446 2233 505 adorn0,
2261 452 2495 498 caetera-

299 534 413 582 que
440 523 645 581 parata
671 515 954 576 habuem,
984 516 1233 581 Pragam
1257 516 1540 581 proficisci
1567 523 1743 581 atque
1771 517 2060 569 Caesareae
2087 516 2407 569 Maiestatis
2434 520 2496 569 in

297 605 392 640 me
420 588 936 640 Clementissimam
961 586 1328 639 voluntatem
1358 591 1624 652 experiri,
1654 587 1854 641 relicta
1881 588 1979 640 hic
2008 591 2242 640 interim
2270 587 2497 639 familia

295 661 432 711 mea
456 658 745 718 muliebri,
773 659 848 710 ad
875 674 1057 722 quam
1078 665 1180 710 aut
1200 665 1336 710 ante
1362 658 1656 724 hyemem,
1679 659 1718 710 fi
1738 659 1871 711 Deo
1891 662 1973 711 ita
1992 659 2180 711 visum
2199 658 2388 720 fuerit,
2409 675 2494 711 re-

295 737 510 790 vertar;
538 735 640 781 aut
659 729 700 780 fi
721 729 920 782 Caesar
942 730 1001 782 id
1023 729 1291 791 voluerit,
1319 730 1586 794 mihique
1612 730 1726 782 loci
1753 730 1933 782 oblati
1960 730 2348 782 commoditas
2372 730 2494 795 pla·
2545 747 2567 782 5

296 804 493 860 cuerit,
529 816 663 852 eam
690 800 872 852 isthuc
901 801 1101 853 addito
1132 808 1288 853 certo
1319 807 1374 853 et
1401 801 1561 853 fideli
1591 804 1872 853 comitatu
1902 804 2135 853 evocari
2165 802 2401 854 curabo,
2436 801 2496 854 Si

296 872 660 924 conditiones
681 871 840 936 apud
862 871 1159 924 Caesarem
1184 875 1332 924 meis
1359 872 1652 938 defiderijs
1678 888 1802 924 non
1827 872 2135 932 arriserint,
2157 873 2234 924 ad
2255 872 2495 924 Coloni-

296 943 491 995 ensem
505 958 600 994 me
616 949 973 995 convertam.
997 944 1066 995 Et
1079 944 1120 995 fi
1134 958 1243 995 nec
1256 943 1353 1004 ibi,
1375 944 1450 995 ad
1465 944 1737 995 Batavos,
1759 943 2057 995 Pollicitus
2072 946 2232 995 enim
2247 943 2322 995 est
2334 944 2494 995 Prin-

294 1030 430 1079 ceps
445 1014 909 1074 MAURITIUS,
925 1015 980 1066 se
995 1015 1154 1079 apud
1169 1014 1404 1066 ordines
1419 1014 1851 1067 confoederatos
1864 1016 2000 1066 mea
2011 1015 2083 1067 de
2095 1015 2283 1067 caussa
2295 1014 2495 1066 sedulo

294 1085 578 1138 acturum.
609 1086 773 1138 Idem
800 1092 855 1137 et
881 1086 1494 1138 BARNEVELDIUS
1524 1086 1745 1138 addixit
1773 1086 1829 1138 se
1858 1085 2166 1147 facturum,
2197 1088 2494 1151 quampri-
2548 1102 2591 1137 10

292 1173 460 1209 mum
481 1173 554 1208 ex
573 1157 792 1222 Anglia
810 1157 1060 1218 redierit,
1081 1157 1183 1209 ubi
1203 1173 1363 1208 nunc
1383 1157 1667 1222 Legatum
1687 1159 1819 1222 agit.
1847 1157 1960 1209 Sed
1981 1157 2494 1218 FRANCISCUS,

294 1231 396 1293 qui
423 1244 558 1280 cum
585 1235 836 1293 utroque
864 1235 1139 1280 oretenus
1166 1228 1278 1280 hac
1306 1229 1377 1280 de
1403 1244 1466 1280 re
1494 1231 1622 1293 egit,
1649 1235 1713 1280 ut
1734 1229 1951 1280 secreta
1971 1231 2174 1280 omnia
2193 1228 2494 1289 haberent,

292 1315 401 1351 nec
416 1300 719 1364 quidpiam
736 1300 1059 1352 Ordinibus
1073 1305 1486 1364 proponerent,
1502 1315 1604 1351 eos
1618 1302 1789 1352 tacite
1803 1302 2050 1360 monuit,
2072 1300 2260 1352 donec
2276 1300 2346 1352 de
2360 1315 2497 1352 mea

291 1371 595 1423 voluntate
611 1374 750 1423 certi
765 1372 907 1435 quid
921 1371 1298 1423 resciscerent.
1316 1370 1583 1434 AEquum
1604 1374 1763 1422 enim
1785 1372 1904 1432 esse,
1926 1377 1990 1423 ut
2010 1372 2356 1435 Imperatori
2375 1387 2494 1423 me-

292 1458 392 1494 am
419 1458 662 1507 operam
691 1442 936 1494 honoris
963 1443 1151 1494 caussa
1179 1445 1438 1506 primum
1465 1441 1728 1494 offeram.
1758 1442 1958 1506 Quam
1984 1442 2026 1493 fi
2051 1445 2326 1502 renuerit,
2355 1448 2495 1494 tunc
2548 1458 2591 1493 1⁵

293 1514 534 1565 demum
548 1514 619 1565 de
635 1514 766 1578 aliJ's
780 1514 989 1579 medijs
1004 1513 1396 1578 cogitandum.
1419 1513 1487 1564 In
1501 1513 1781 1578 Angliam
1797 1513 2241 1578 quibuscunque
2255 1513 2495 1566 tandem

291 1585 811 1649 pollicitationibus
837 1583 1080 1636 alle<stus
1100 1587 1200 1635 vix
1225 1587 1413 1635 iturus
1434 1579 1455 1652 ΙΙ
1475 1583 1617 1636 sum.
1646 1584 1808 1636 Nam
1835 1592 1890 1636 et
1915 1584 2063 1636 mihi
2088 1600 2284 1636 mores
2309 1587 2494 1650 gentis
2524 1593 2614 1637 32v

290 1654 529 1720 suspecti
542 1656 686 1717 sunt,
702 1663 914 1720 praeter
924 1656 983 1707 id
996 1656 1155 1719 quod
1167 1656 1404 1720 Reginae
1416 1655 1631 1707 vetulae
1647 1656 1839 1708 obitus
1852 1671 2100 1721 magnos
2114 1663 2310 1708 motus
2326 1656 2495 1708 ciebit

290 1730 610 1792 peregrinis
630 1730 889 1779 maxime
909 1726 1310 1778 formidabiles
1329 1732 1383 1777 et
1400 1726 1771 1791 perniciosos,
1795 1726 1948 1790 Quae
1964 1729 2168 1779 omnia
2184 1734 2495 1793 propterea

290 1798 469 1849 fufius
485 1799 587 1850 tibi
604 1798 803 1858 scrib0,
825 1805 889 1849 ut
909 1798 981 1849 de
1001 1800 1148 1849 meis
1170 1797 1419 1862 confilijs
1439 1813 1830 1863 mearumque
1850 1814 2049 1850 rerum
2068 1798 2214 1851 statu
2232 1804 2288 1851 te
2310 1799 2494 1864 (quod
2543 1814 2590 1850 20

291 1885 414 1921 non
435 1869 660 1933 dubito)
681 1869 991 1921 sollicitum
1012 1871 1319 1921 certiorem
1338 1868 1609 1921 facerem.

363 1940 540 2003 Quod
557 1940 741 1992 literae
761 1939 1040 1993 Electoris
1052 1940 1250 1992 Soceri
1265 1940 1433 2004 Regis
1447 1956 1572 1991 non
1585 1940 1715 1992 sunt
1730 1939 2023 2002 exhibitae,
2043 1956 2257 2005 parum
2275 1956 2493 1993 moror.

291 2011 452 2062 Nam
467 2017 521 2063 et
533 2027 747 2075 parum
762 2011 982 2063 habent
995 2011 1289 2075 ponderis,
1308 2011 1596 2076 nimisque
1610 2012 1848 2064 Politice
1864 2019 1919 2064 et
1932 2012 2123 2064 aulice
2139 2012 2492 2078 conscriptas.

290 2083 433 2134 Non
465 2083 721 2147 amplius
753 2099 917 2135 mare
950 2082 1286 2135 Balthicum
1317 2083 1655 2135 transibunt.
1683 2083 1911 2135 Videbo
1939 2091 2157 2145 tamen,
2191 2084 2493 2148 quomodo

289 2154 449 2218 apud
470 2153 794 2206 Electorem
816 2161 871 2206 et
891 2152 1295 2214 Eledtorissam,
1318 2157 1421 2218 qui
1440 2154 1588 2206 mihi
1607 2154 1806 2207 favere
1826 2155 2012 2206 videri
2038 2155 2256 2216 volunt,
2277 2155 2337 2207 id
2357 2158 2492 2207 civi·
2542 2172 2589 2207 25

288 2224 418 2276 liter
439 2225 723 2277 excusem.
745 2226 824 2276 At
844 2225 1025 2277 libros
1041 2241 1189 2290 quos
1204 2226 1344 2291 Regi
1358 2226 1654 2286 destinavi,
1675 2226 1998 2295 maluissem
2012 2226 2242 2278 oblatos
2257 2227 2360 2278 esse
2375 2242 2493 2279 cer-

288 2299 360 2347 tis
381 2297 452 2348 de
474 2297 681 2348 caufis:
709 2312 833 2348 non
852 2303 1054 2348 tamen
1075 2297 1234 2361 quod
1256 2312 1363 2362 ego
1384 2303 1486 2348 aut
1505 2297 1730 2361 sperem
1750 2304 1853 2349 aut
1874 2300 2126 2362 cupiam,
2155 2298 2371 2363 Regem
2391 2313 2493 2350 eos

287 2370 489 2432 magni
502 2366 810 2429 facturum,
830 2370 932 2431 qui
947 2367 1095 2419 alias
1109 2368 1339 2420 videtur
1352 2368 1533 2420 literis
1547 2384 1672 2420 non
1686 2369 2012 2421 admodum
2026 2367 2315 2421 dele6tari.
2338 2369 2492 2422 OLI-

291 2438 583 2491 GERUM
605 2442 783 2490 etiam
803 2439 1061 2490 nostrum
1085 2439 1342 2500 instruxi,
1368 2440 1670 2504 quomodo
1691 2442 1741 2491 is
1762 2455 1864 2491 eos
1882 2439 2069 2492 statim
2090 2440 2249 2492 dono
2270 2440 2492 2492 obtine-

289 2516 390 2570 ret,
411 2525 487 2560 ne
507 2512 571 2561 in
591 2510 847 2561 aliorum
866 2510 1205 2574 potestatem
1226 2510 1591 2571 devenirent;
1611 2526 1737 2563 non
1751 2511 1911 2575 quod
1925 2513 2303 2563 inimicorum
2317 2511 2492 2564 cavil-
2541 2527 2588 2563 30

287 2580 539 2632 lationes
554 2587 609 2632 et
621 2581 950 2633 malevolas
964 2583 1472 2645 interpretationes
1485 2597 1709 2644 verear,
1729 2581 1943 2634 talibus
1963 2582 2096 2634 satis
2113 2583 2375 2644 assuetuS,
2395 2582 2493 2635 sed

288 2667 364 2703 ne
394 2654 452 2716 ij,
484 2668 633 2716 quos
661 2653 934 2717 indignos
961 2659 1187 2716 reputo,
1217 2655 1365 2704 meis
1394 2653 1690 2718 gaudeant
1718 2653 2035 2705 laboribuS.
2068 2653 2363 2717 Quocirca
2389 2669 2492 2706 eos

288 2723 483 2774 adhuc
504 2723 644 2788 Regi
663 2739 768 2787 per
789 2723 1215 2776 OLIGERUM
1239 2764 1571 2776 ..........
1593 2727 1678 2776 uti
1706 2730 1760 2776 et
1783 2724 1868 2775 illi
1888 2724 2093 2789 scripsi.
2121 2724 2182 2777 Si
2207 2731 2408 2777 tamen
2432 2725 2492 2777 id

287 2793 479 2846 facere
500 2810 624 2846 non
645 2795 861 2846 audeat
882 2835 1213 2847 ..........
1235 2797 1317 2847 ita
1335 2802 1536 2847 tamen
1555 2804 1619 2847 ut
1637 2795 1770 2847 libri
1791 2795 2160 2856 OLIGERo,
2185 2796 2226 2847 fi
2246 2796 2369 2848 Rex
2389 2811 2492 2848 eos

290 2865 397 2928 (uti
426 2906 759 2918 ..........
787 2866 885 2930 alij
922 2866 1146 2918 cedant.
1184 2866 1443 2918 Habebit
1476 2865 1900 2927 RAMELIUS,
1933 2867 1974 2918 fi
2005 2867 2272 2929 voluerit,
2306 2868 2491 2920 altera
2539 2883 2586 2918 35

288 2936 681 3000 Exemplaria.
710 2937 805 2988 Ad
827 2943 1040 2989 caetera
1060 2953 1196 3001 quae
1215 2937 1427 2998 scribiS‚
1451 2940 1589 3001 quia
1611 2954 1707 2989 me
1727 2954 1940 3002 parum
1960 2944 2338 2999 concernunt,
2366 2954 2491 2990 non

288 3008 627 3071 respondeo.
643 3008 707 3060 Id
721 3007 923 3060 saltem
936 3008 1341 3073 superaddam,
1357 3008 1398 3059 fi
1411 3008 1706 3061 PETRUS
1721 3009 1993 3061 BRAHE
2009 3016 2290 3075 cognatus
2304 3025 2490 3070 meuS,

289 3094 467 3142 quem
492 3079 685 3131 fratris
710 3079 842 3131 loco
868 3079 1094 3144 semper
1121 3079 1315 3140 dilexi,
1342 3086 1653 3144 propterea
1674 3081 2021 3133 corbizatori
2042 3087 2096 3132 et
2116 3097 2334 3146 magno
2353 3096 2490 3133 meo

287 3149 446 3201 bono
466 3150 775 3215 foedifrago
796 3150 880 3202 isti
899 3151 1300 3202 valetudinem
1320 3154 1692 3215 primogeniti
1711 3151 1798 3203 sui
1817 3151 1939 3217 filij,
1968 3152 2040 3204 de
2061 3154 2228 3204 cuius
2249 3147 2271 3220 ΙΙ
2291 3151 2489 3204 indole
2519 3159 2603 3203 33r

287 3220 475 3272 multa
502 3221 789 3285 praeclara
816 3222 1190 3274 inaudieram
1220 3221 1393 3285 (adeo
1422 3229 1487 3273 ut
1514 3222 1794 3286 sperarim
1823 3239 1962 3275 eum
1990 3222 2233 3275 familiae
2261 3223 2487 3283 nostrae,
2537 3239 2584 3274 4ο

287 3292 466 3342 modo
500 3292 817 3356 disciplinae
849 3292 1009 3344 isthic
1041 3293 1303 3357 aliquem
1338 3293 1535 3345 locum
1569 3301 1951 3354 mererentur,
1988 3294 2165 3346 decus
2199 3293 2488 3358 futurum)

287 3363 658 3424 concredidit,
687 3379 943 3428 eumque
970 3363 1043 3415 fic
1069 3364 1270 3425 amisit,
1297 3364 1450 3428 proh
1476 3364 1645 3417 dolor
1673 3365 1831 3429 (cum
1856 3365 1989 3430 plus
2014 3365 2166 3429 saepe
2188 3365 2433 3488 peficulli
2452 3380 2490 3417 a

2323 3451 2354 3488 e
2396 3451 2487 3488 1co
