<?xml version="1.0" encoding="UTF-8"?>
<!DOCTYPE html PUBLIC "-//W3C//DTD XHTML 1.0 Transitional//EN"
    "http://www.w3.org/TR/xhtml1/DTD/xhtml1-transitional.dtd">
<html xmlns="http://www.w3.org/1999/xhtml" xml:lang="en" lang="en">
 <head>
  <title>
</title>
<meta http-equiv="Content-Type" content="text/html;charset=utf-8" />
  <meta name='ocr-system' content='tesseract 3.04.00' />
  <meta name='ocr-capabilities' content='ocr_page ocr_carea ocr_par ocr_line ocrx_word'/>
</head>
<body>
  <div class='ocr_page' id='page_1' title='image "./operaomniaedidit08brahuoft_0257.png"; bbox 0 0 2652 4022; ppageno 0'>
   <div class='ocr_carea' id='block_1_1' title="bbox 87 1104 128 1139">
    <p class='ocr_par' dir='ltr' id='par_1_1' title="bbox 87 1104 128 1139">
     <span class='ocr_line' id='line_1_1' title="bbox 87 1104 128 1139; baseline 0 0"><span class='ocrx_word' id='word_1_1' title='bbox 87 1104 128 1139; x_wconf 86' lang='lat' dir='ltr'><strong>lo</strong></span> 
     </span>
    </p>
   </div>
   <div class='ocr_carea' id='block_1_2' title="bbox 85 1461 126 1495">
    <p class='ocr_par' dir='ltr' id='par_1_2' title="bbox 85 1461 126 1495">
     <span class='ocr_line' id='line_1_2' title="bbox 85 1461 126 1495; baseline 0.024 -1"><span class='ocrx_word' id='word_1_2' title='bbox 85 1461 126 1495; x_wconf 85' lang='lat'><strong>15</strong></span> 
     </span>
    </p>
   </div>
   <div class='ocr_carea' id='block_1_3' title="bbox 78 2174 123 2207">
    <p class='ocr_par' dir='ltr' id='par_1_3' title="bbox 78 2174 123 2207">
     <span class='ocr_line' id='line_1_3' title="bbox 78 2174 123 2207; baseline 0 0"><span class='ocrx_word' id='word_1_3' title='bbox 78 2174 123 2207; x_wconf 89' lang='grc'><strong>25</strong></span> 
     </span>
    </p>
   </div>
   <div class='ocr_carea' id='block_1_4' title="bbox 75 2885 121 2920">
    <p class='ocr_par' dir='ltr' id='par_1_4' title="bbox 75 2885 121 2920">
     <span class='ocr_line' id='line_1_4' title="bbox 75 2885 121 2920; baseline -0.022 0"><span class='ocrx_word' id='word_1_4' title='bbox 75 2885 121 2920; x_wconf 86' lang='grc'><strong>35</strong></span> 
     </span>
    </p>
   </div>
   <div class='ocr_carea' id='block_1_5' title="bbox 68 3020 119 3062">
    <p class='ocr_par' dir='ltr' id='par_1_5' title="bbox 68 3020 119 3062">
     <span class='ocr_line' id='line_1_5' title="bbox 68 3020 119 3062; baseline 0 -15"><span class='ocrx_word' id='word_1_5' title='bbox 68 3020 119 3062; x_wconf 79' lang='grc'><strong>61·</strong></span> 
     </span>
    </p>
   </div>
   <div class='ocr_carea' id='block_1_6' title="bbox 183 303 2383 374">
    <p class='ocr_par' dir='ltr' id='par_1_6' title="bbox 183 303 2383 374">
     <span class='ocr_line' id='line_1_6' title="bbox 183 303 2383 374; baseline 0.002 -18"><span class='ocrx_word' id='word_1_6' title='bbox 183 303 486 357; x_wconf 91' lang='lat' dir='ltr'><strong>TYCHO</strong></span> <span class='ocrx_word' id='word_1_7' title='bbox 508 306 630 356; x_wconf 82' lang='lat' dir='ltr'><strong>AD</strong></span> <span class='ocrx_word' id='word_1_8' title='bbox 652 305 1318 359; x_wconf 89' lang='lat' dir='ltr'><strong>FERDINANDUM</strong></span> <span class='ocrx_word' id='word_1_9' title='bbox 1341 307 1660 359; x_wconf 93' lang='lat' dir='ltr'><strong>DUCEM</strong></span> <span class='ocrx_word' id='word_1_10' title='bbox 1682 307 1856 374; x_wconf 71' lang='lat'><strong>14124</strong></span> <span class='ocrx_word' id='word_1_11' title='bbox 1878 309 2049 361; x_wconf 89' lang='lat' dir='ltr'>IAN.</span> <span class='ocrx_word' id='word_1_12' title='bbox 2073 310 2219 361; x_wconf 85' lang='lat'>1600</span> <span class='ocrx_word' id='word_1_13' title='bbox 2280 310 2383 361; x_wconf 85' lang='lat'><strong>243</strong></span> 
     </span>
    </p>
   </div>
   <div class='ocr_carea' id='block_1_7' title="bbox 169 447 2384 3223">
    <p class='ocr_par' dir='ltr' id='par_1_7' title="bbox 175 447 2384 1368">
     <span class='ocr_line' id='line_1_7' title="bbox 181 447 2382 516; baseline 0.002 -17"><span class='ocrx_word' id='word_1_14' title='bbox 181 447 644 507; x_wconf 81' lang='lat' dir='ltr'><strong>Adolescentem,</strong></span> <span class='ocrx_word' id='word_1_15' title='bbox 672 447 1198 501; x_wconf 87' lang='lat' dir='ltr'>FRANCISCUM</span> <span class='ocrx_word' id='word_1_16' title='bbox 1222 448 1857 510; x_wconf 89' lang='lat' dir='ltr'><strong>TENGNAGLIUM,</strong></span> <span class='ocrx_word' id='word_1_17' title='bbox 1884 466 2088 503; x_wconf 91' lang='lat' dir='ltr'><strong>meum</strong></span> <span class='ocrx_word' id='word_1_18' title='bbox 2114 451 2382 516; x_wconf 89' lang='lat' dir='ltr'><strong>aliquan-</strong></span> 
     </span>
     <span class='ocr_line' id='line_1_8' title="bbox 182 516 2381 583; baseline 0.002 -13"><span class='ocrx_word' id='word_1_19' title='bbox 182 519 283 570; x_wconf 91' lang='lat' dir='ltr'><strong>diu</strong></span> <span class='ocrx_word' id='word_1_20' title='bbox 312 518 705 577; x_wconf 81' lang='lat' dir='ltr'><strong>domessicum,</strong></span> <span class='ocrx_word' id='word_1_21' title='bbox 740 521 842 583; x_wconf 92' lang='lat' dir='ltr'><strong>qui</strong></span> <span class='ocrx_word' id='word_1_22' title='bbox 875 516 1056 572; x_wconf 62' lang='lat' dir='ltr'><strong>dictos</strong></span> <span class='ocrx_word' id='word_1_23' title='bbox 1087 519 1267 571; x_wconf 93' lang='lat' dir='ltr'><strong>libros</strong></span> <span class='ocrx_word' id='word_1_24' title='bbox 1297 519 1677 573; x_wconf 87' lang='lat' dir='ltr'><strong>Serenissimae</strong></span> <span class='ocrx_word' id='word_1_25' title='bbox 1707 521 1855 574; x_wconf 86' lang='lat' dir='ltr'><strong>Tuae</strong></span> <span class='ocrx_word' id='word_1_26' title='bbox 1886 522 2228 575; x_wconf 91' lang='lat' dir='ltr'><strong>Celfitudini</strong></span> <span class='ocrx_word' id='word_1_27' title='bbox 2257 523 2381 576; x_wconf 93' lang='lat' dir='ltr'><strong>sub-</strong></span> 
     </span>
     <span class='ocr_line' id='line_1_9' title="bbox 179 589 2382 654; baseline 0.003 -13"><span class='ocrx_word' id='word_1_28' title='bbox 179 590 333 641; x_wconf 88' lang='lat' dir='ltr'><strong>misse</strong></span> <span class='ocrx_word' id='word_1_29' title='bbox 354 605 391 642; x_wconf 93' lang='lat' dir='ltr'><strong>a</strong></span> <span class='ocrx_word' id='word_1_30' title='bbox 409 605 506 641; x_wconf 91' lang='lat' dir='ltr'><strong>me</strong></span> <span class='ocrx_word' id='word_1_31' title='bbox 527 589 749 650; x_wconf 92' lang='lat' dir='ltr'><strong>obtulit,</strong></span> <span class='ocrx_word' id='word_1_32' title='bbox 779 604 851 641; x_wconf 88' lang='lat' dir='ltr'><strong>ex</strong></span> <span class='ocrx_word' id='word_1_33' title='bbox 878 589 1122 654; x_wconf 86' lang='lat' dir='ltr'>aliquali</span> <span class='ocrx_word' id='word_1_34' title='bbox 1147 590 1338 642; x_wconf 78' lang='lat' dir='ltr'><strong>nostra</strong></span> <span class='ocrx_word' id='word_1_35' title='bbox 1358 591 1694 643; x_wconf 73' lang='lat' dir='ltr'><strong>humillima</strong></span> <span class='ocrx_word' id='word_1_36' title='bbox 1715 594 2229 646; x_wconf 85' lang='lat' dir='ltr'>commendatione</span> <span class='ocrx_word' id='word_1_37' title='bbox 2252 595 2382 647; x_wconf 91' lang='lat' dir='ltr'><strong>Cle·</strong></span> 
     </span>
     <span class='ocr_line' id='line_1_10' title="bbox 179 660 2381 730; baseline 0.003 -18"><span class='ocrx_word' id='word_1_38' title='bbox 179 661 522 712; x_wconf 84' lang='lat' dir='ltr'><strong>mentissimo</strong></span> <span class='ocrx_word' id='word_1_39' title='bbox 542 660 744 713; x_wconf 89' lang='lat' dir='ltr'><strong>favore</strong></span> <span class='ocrx_word' id='word_1_40' title='bbox 765 677 888 713; x_wconf 95' lang='lat' dir='ltr'><strong>non</strong></span> <span class='ocrx_word' id='word_1_41' title='bbox 908 661 1217 727; x_wconf 92' lang='lat' dir='ltr'><strong>indignum</strong></span> <span class='ocrx_word' id='word_1_42' title='bbox 1238 662 1471 723; x_wconf 89' lang='lat' dir='ltr'><strong>censuit,</strong></span> <span class='ocrx_word' id='word_1_43' title='bbox 1498 662 1694 715; x_wconf 91' lang='lat' dir='ltr'><strong>sedita</strong></span> <span class='ocrx_word' id='word_1_44' title='bbox 1714 663 1814 716; x_wconf 90' lang='lat' dir='ltr'><strong>fibi</strong></span> <span class='ocrx_word' id='word_1_45' title='bbox 1834 672 2140 730; x_wconf 89' lang='lat' dir='ltr'><strong>acceptum</strong></span> <span class='ocrx_word' id='word_1_46' title='bbox 2160 665 2381 725; x_wconf 90' lang='lat' dir='ltr'><strong>habuit,</strong></span> 
     </span>
     <span class='ocr_line' id='line_1_11' title="bbox 180 731 2381 796; baseline 0.003 -13"><span class='ocrx_word' id='word_1_47' title='bbox 180 738 243 784; x_wconf 92' lang='lat' dir='ltr'><strong>ut</strong></span> <span class='ocrx_word' id='word_1_48' title='bbox 269 747 459 796; x_wconf 89' lang='lat' dir='ltr'><strong>nuper</strong></span> <span class='ocrx_word' id='word_1_49' title='bbox 485 731 601 784; x_wconf 92' lang='lat' dir='ltr'><strong>huc</strong></span> <span class='ocrx_word' id='word_1_50' title='bbox 627 733 703 784; x_wconf 93' lang='lat' dir='ltr'><strong>ad</strong></span> <span class='ocrx_word' id='word_1_51' title='bbox 728 747 824 784; x_wconf 90' lang='lat' dir='ltr'><strong>me</strong></span> <span class='ocrx_word' id='word_1_52' title='bbox 851 732 1113 784; x_wconf 88' lang='lat' dir='ltr'><strong>reversus</strong></span> <span class='ocrx_word' id='word_1_53' title='bbox 1141 732 1521 786; x_wconf 86' lang='lat' dir='ltr'><strong>Serenissimae</strong></span> <span class='ocrx_word' id='word_1_54' title='bbox 1549 734 1920 787; x_wconf 86' lang='lat' dir='ltr'><strong>Celfitudinis</strong></span> <span class='ocrx_word' id='word_1_55' title='bbox 1940 735 2087 788; x_wconf 86' lang='lat' dir='ltr'><strong>Tuae</strong></span> <span class='ocrx_word' id='word_1_56' title='bbox 2110 737 2381 789; x_wconf 90' lang='lat' dir='ltr'><strong>Clemen-</strong></span> 
     </span>
     <span class='ocr_line' id='line_1_12' title="bbox 178 803 2382 873; baseline 0.003 -19"><span class='ocrx_word' id='word_1_57' title='bbox 178 804 442 855; x_wconf 92' lang='lat' dir='ltr'><strong>tissimam</strong></span> <span class='ocrx_word' id='word_1_58' title='bbox 470 810 525 855; x_wconf 92' lang='lat' dir='ltr'><strong>et</strong></span> <span class='ocrx_word' id='word_1_59' title='bbox 550 803 901 868; x_wconf 83' lang='lat' dir='ltr'><strong>singularem</strong></span> <span class='ocrx_word' id='word_1_60' title='bbox 928 819 1065 869; x_wconf 89' lang='lat' dir='ltr'><strong>erga</strong></span> <span class='ocrx_word' id='word_1_61' title='bbox 1090 804 1145 856; x_wconf 91' lang='lat' dir='ltr'><strong>se</strong></span> <span class='ocrx_word' id='word_1_62' title='bbox 1172 805 1590 870; x_wconf 86' lang='lat' dir='ltr'><strong>benignitatem</strong></span> <span class='ocrx_word' id='word_1_63' title='bbox 1609 805 1742 857; x_wconf 91' lang='lat' dir='ltr'><strong>satis</strong></span> <span class='ocrx_word' id='word_1_64' title='bbox 1762 806 2157 871; x_wconf 88' lang='lat' dir='ltr'><strong>depraedicare</strong></span> <span class='ocrx_word' id='word_1_65' title='bbox 2179 812 2382 873; x_wconf 90' lang='lat' dir='ltr'><strong>nequi-</strong></span> 
     </span>
     <span class='ocr_line' id='line_1_13' title="bbox 178 875 2384 941; baseline 0.003 -16"><span class='ocrx_word' id='word_1_66' title='bbox 178 876 340 934; x_wconf 89' lang='lat' dir='ltr'>verit,</span> <span class='ocrx_word' id='word_1_67' title='bbox 367 875 427 926; x_wconf 93' lang='lat' dir='ltr'><strong>id</strong></span> <span class='ocrx_word' id='word_1_68' title='bbox 454 875 729 938; x_wconf 90' lang='lat' dir='ltr'><strong>equidem</strong></span> <span class='ocrx_word' id='word_1_69' title='bbox 755 877 901 927; x_wconf 93' lang='lat' dir='ltr'><strong>tanti</strong></span> <span class='ocrx_word' id='word_1_70' title='bbox 926 875 1193 941; x_wconf 88' lang='lat' dir='ltr'><strong>beneficij</strong></span> <span class='ocrx_word' id='word_1_71' title='bbox 1223 875 1355 927; x_wconf 94' lang='lat' dir='ltr'><strong>loco</strong></span> <span class='ocrx_word' id='word_1_72' title='bbox 1382 884 1606 941; x_wconf 89' lang='lat' dir='ltr'><strong>reputo,</strong></span> <span class='ocrx_word' id='word_1_73' title='bbox 1636 893 1704 928; x_wconf 92' lang='lat' dir='ltr'><strong>ac</strong></span> <span class='ocrx_word' id='word_1_74' title='bbox 1730 877 1770 928; x_wconf 91' lang='lat' dir='ltr'>fi</span> <span class='ocrx_word' id='word_1_75' title='bbox 1797 894 1832 930; x_wconf 93' lang='lat' dir='ltr'>a</span> <span class='ocrx_word' id='word_1_76' title='bbox 1858 878 1990 930; x_wconf 75' lang='lat' dir='ltr'><strong>Tua</strong></span> <span class='ocrx_word' id='word_1_77' title='bbox 2019 878 2384 931; x_wconf 81' lang='lat' dir='ltr'><strong>Serenissima</strong></span> 
     </span>
     <span class='ocr_line' id='line_1_14' title="bbox 179 945 2382 1012; baseline 0.002 -14"><span class='ocrx_word' id='word_1_78' title='bbox 179 945 534 998; x_wconf 89' lang='lat' dir='ltr'><strong>Celfitudine</strong></span> <span class='ocrx_word' id='word_1_79' title='bbox 566 945 714 998; x_wconf 90' lang='lat' dir='ltr'><strong>mihi</strong></span> <span class='ocrx_word' id='word_1_80' title='bbox 747 946 849 1010; x_wconf 90' lang='lat' dir='ltr'><strong>ipfi</strong></span> <span class='ocrx_word' id='word_1_81' title='bbox 881 946 1198 1010; x_wconf 82' lang='lat' dir='ltr'><strong>praestitum</strong></span> <span class='ocrx_word' id='word_1_82' title='bbox 1230 946 1392 999; x_wconf 89' lang='lat' dir='ltr'><strong>foret.</strong></span> <span class='ocrx_word' id='word_1_83' title='bbox 1433 948 1502 999; x_wconf 92' lang='lat' dir='ltr'><strong>Et</strong></span> <span class='ocrx_word' id='word_1_84' title='bbox 1535 951 1675 1012; x_wconf 92' lang='lat' dir='ltr'><strong>quia</strong></span> <span class='ocrx_word' id='word_1_85' title='bbox 1706 949 1801 999; x_wconf 89' lang='lat' dir='ltr'><strong>vel</strong></span> <span class='ocrx_word' id='word_1_86' title='bbox 1833 949 1969 1001; x_wconf 91' lang='lat' dir='ltr'><strong>inde</strong></span> <span class='ocrx_word' id='word_1_87' title='bbox 2003 950 2382 1003; x_wconf 88' lang='lat' dir='ltr'><strong>Serenissimae</strong></span> 
     </span>
     <span class='ocr_line' id='line_1_15' title="bbox 179 1015 2381 1084; baseline 0.003 -17"><span class='ocrx_word' id='word_1_88' title='bbox 179 1015 550 1068; x_wconf 84' lang='lat' dir='ltr'><strong>Celfitudinis</strong></span> <span class='ocrx_word' id='word_1_89' title='bbox 570 1016 718 1069; x_wconf 85' lang='lat' dir='ltr'><strong>Tuae</strong></span> <span class='ocrx_word' id='word_1_90' title='bbox 741 1017 1262 1070; x_wconf 87' lang='lat' dir='ltr'><strong>Clementissimum</strong></span> <span class='ocrx_word' id='word_1_91' title='bbox 1284 1034 1420 1084; x_wconf 89' lang='lat' dir='ltr'><strong>erga</strong></span> <span class='ocrx_word' id='word_1_92' title='bbox 1439 1034 1535 1071; x_wconf 90' lang='lat' dir='ltr'><strong>me</strong></span> <span class='ocrx_word' id='word_1_93' title='bbox 1557 1022 1827 1071; x_wconf 92' lang='lat' dir='ltr'><strong>animum</strong></span> <span class='ocrx_word' id='word_1_94' title='bbox 1847 1020 2010 1072; x_wconf 92' lang='lat' dir='ltr'><strong>haud</strong></span> <span class='ocrx_word' id='word_1_95' title='bbox 2031 1020 2270 1074; x_wconf 87' lang='lat' dir='ltr'><strong>obscure</strong></span> <span class='ocrx_word' id='word_1_96' title='bbox 2297 1025 2381 1074; x_wconf 93' lang='lat' dir='ltr'><strong>in-</strong></span> 
     </span>
     <span class='ocr_line' id='line_1_16' title="bbox 177 1087 2381 1157; baseline 0.003 -18"><span class='ocrx_word' id='word_1_97' title='bbox 177 1087 451 1153; x_wconf 88' lang='lat' dir='ltr'><strong>telligam,</strong></span> <span class='ocrx_word' id='word_1_98' title='bbox 477 1103 601 1140; x_wconf 95' lang='lat' dir='ltr'><strong>non</strong></span> <span class='ocrx_word' id='word_1_99' title='bbox 627 1089 873 1140; x_wconf 87' lang='lat' dir='ltr'><strong>verebor</strong></span> <span class='ocrx_word' id='word_1_100' title='bbox 894 1089 1320 1142; x_wconf 91' lang='lat' dir='ltr'><strong>Serenissimam</strong></span> <span class='ocrx_word' id='word_1_101' title='bbox 1340 1090 1535 1142; x_wconf 91' lang='lat' dir='ltr'><strong>Tuam</strong></span> <span class='ocrx_word' id='word_1_102' title='bbox 1557 1090 1975 1143; x_wconf 88' lang='lat' dir='ltr'><strong>Celfitudinem</strong></span> <span class='ocrx_word' id='word_1_103' title='bbox 2003 1095 2065 1143; x_wconf 91' lang='lat' dir='ltr'><strong>in</strong></span> <span class='ocrx_word' id='word_1_104' title='bbox 2091 1092 2210 1144; x_wconf 91' lang='lat' dir='ltr'><strong>alio</strong></span> <span class='ocrx_word' id='word_1_105' title='bbox 2238 1109 2381 1157; x_wconf 93' lang='lat' dir='ltr'><strong>quo-</strong></span> 
     </span>
     <span class='ocr_line' id='line_1_17' title="bbox 177 1158 2382 1227; baseline 0.003 -17"><span class='ocrx_word' id='word_1_106' title='bbox 177 1159 315 1211; x_wconf 90' lang='lat' dir='ltr'><strong>dam</strong></span> <span class='ocrx_word' id='word_1_107' title='bbox 329 1158 492 1211; x_wconf 91' lang='lat' dir='ltr'><strong>haud</strong></span> <span class='ocrx_word' id='word_1_108' title='bbox 506 1160 753 1211; x_wconf 85' lang='lat' dir='ltr'><strong>dissimili</strong></span> <span class='ocrx_word' id='word_1_109' title='bbox 766 1163 1001 1225; x_wconf 91' lang='lat' dir='ltr'><strong>negotio</strong></span> <span class='ocrx_word' id='word_1_110' title='bbox 1017 1175 1089 1212; x_wconf 92' lang='lat' dir='ltr'><strong>eo</strong></span> <span class='ocrx_word' id='word_1_111' title='bbox 1104 1161 1418 1213; x_wconf 88' lang='lat' dir='ltr'><strong>audentius</strong></span> <span class='ocrx_word' id='word_1_112' title='bbox 1433 1162 1661 1214; x_wconf 85' lang='lat' dir='ltr'><strong>demisse</strong></span> <span class='ocrx_word' id='word_1_113' title='bbox 1677 1162 2049 1227; x_wconf 89' lang='lat' dir='ltr'><strong>compellare,</strong></span> <span class='ocrx_word' id='word_1_114' title='bbox 2065 1164 2382 1227; x_wconf 75' lang='lat' dir='ltr'><strong>praesertim</strong></span> 
     </span>
     <span class='ocr_line' id='line_1_18' title="bbox 177 1230 2381 1299; baseline 0.002 -17"><span class='ocrx_word' id='word_1_115' title='bbox 177 1246 313 1282; x_wconf 93' lang='lat' dir='ltr'><strong>cum</strong></span> <span class='ocrx_word' id='word_1_116' title='bbox 334 1230 579 1294; x_wconf 90' lang='lat' dir='ltr'><strong>Ipsamet</strong></span> <span class='ocrx_word' id='word_1_117' title='bbox 607 1233 669 1283; x_wconf 93' lang='lat' dir='ltr'><strong>in</strong></span> <span class='ocrx_word' id='word_1_118' title='bbox 695 1230 810 1282; x_wconf 92' lang='lat' dir='ltr'><strong>suis</strong></span> <span class='ocrx_word' id='word_1_119' title='bbox 833 1232 909 1283; x_wconf 92' lang='lat' dir='ltr'><strong>ad</strong></span> <span class='ocrx_word' id='word_1_120' title='bbox 929 1247 1024 1283; x_wconf 92' lang='lat' dir='ltr'><strong>me</strong></span> <span class='ocrx_word' id='word_1_121' title='bbox 1047 1231 1515 1284; x_wconf 89' lang='lat' dir='ltr'><strong>Clementissimis</strong></span> <span class='ocrx_word' id='word_1_122' title='bbox 1541 1233 1721 1284; x_wconf 86' lang='lat' dir='ltr'><strong>literis</strong></span> <span class='ocrx_word' id='word_1_123' title='bbox 1747 1234 2144 1299; x_wconf 90' lang='lat' dir='ltr'><strong>benignissima</strong></span> <span class='ocrx_word' id='word_1_124' title='bbox 2170 1235 2272 1287; x_wconf 91' lang='lat' dir='ltr'><strong>sua</strong></span> <span class='ocrx_word' id='word_1_125' title='bbox 2299 1236 2381 1287; x_wconf 85' lang='lat' dir='ltr'><strong>of-</strong></span> 
     </span>
     <span class='ocr_line' id='line_1_19' title="bbox 175 1301 1911 1368; baseline 0.002 -15"><span class='ocrx_word' id='word_1_126' title='bbox 175 1301 310 1354; x_wconf 88' lang='lat' dir='ltr'><strong>ficia</strong></span> <span class='ocrx_word' id='word_1_127' title='bbox 329 1302 477 1353; x_wconf 90' lang='lat' dir='ltr'><strong>mihi</strong></span> <span class='ocrx_word' id='word_1_128' title='bbox 497 1302 652 1354; x_wconf 91' lang='lat' dir='ltr'><strong>ultro</strong></span> <span class='ocrx_word' id='word_1_129' title='bbox 673 1301 884 1354; x_wconf 85' lang='lat' dir='ltr'><strong>offerre</strong></span> <span class='ocrx_word' id='word_1_130' title='bbox 906 1303 1188 1368; x_wconf 88' lang='lat' dir='ltr'><strong>dignetur.</strong></span> <span class='ocrx_word' id='word_1_131' title='bbox 1213 1304 1302 1355; x_wconf 89' lang='lat' dir='ltr'><strong>Est</strong></span> <span class='ocrx_word' id='word_1_132' title='bbox 1322 1311 1521 1356; x_wconf 91' lang='lat' dir='ltr'><strong>autem</strong></span> <span class='ocrx_word' id='word_1_133' title='bbox 1545 1305 1911 1357; x_wconf 91' lang='lat' dir='ltr'><strong>eiuscemodi.</strong></span> 
     </span>
    </p>

    <p class='ocr_par' dir='ltr' id='par_1_8' title="bbox 169 1372 2382 3223">
     <span class='ocr_line' id='line_1_20' title="bbox 248 1372 2382 1442; baseline 0.002 -17"><span class='ocrx_word' id='word_1_134' title='bbox 248 1372 546 1438; x_wconf 89' lang='lat' dir='ltr'><strong>Cuperem</strong></span> <span class='ocrx_word' id='word_1_135' title='bbox 573 1389 754 1438; x_wconf 93' lang='lat' dir='ltr'><strong>quam</strong></span> <span class='ocrx_word' id='word_1_136' title='bbox 781 1377 1040 1426; x_wconf 89' lang='lat' dir='ltr'><strong>maxime</strong></span> <span class='ocrx_word' id='word_1_137' title='bbox 1068 1391 1190 1427; x_wconf 94' lang='lat' dir='ltr'><strong>non</strong></span> <span class='ocrx_word' id='word_1_138' title='bbox 1216 1375 1417 1427; x_wconf 91' lang='lat' dir='ltr'><strong>saltem</strong></span> <span class='ocrx_word' id='word_1_139' title='bbox 1444 1378 1507 1427; x_wconf 94' lang='lat' dir='ltr'><strong>in</strong></span> <span class='ocrx_word' id='word_1_140' title='bbox 1534 1375 1718 1435; x_wconf 91' lang='lat' dir='ltr'><strong>Italia,</strong></span> <span class='ocrx_word' id='word_1_141' title='bbox 1749 1377 1850 1429; x_wconf 95' lang='lat' dir='ltr'><strong>ubi</strong></span> <span class='ocrx_word' id='word_1_142' title='bbox 1876 1379 2072 1428; x_wconf 91' lang='lat' dir='ltr'><strong>minor</strong></span> <span class='ocrx_word' id='word_1_143' title='bbox 2099 1377 2174 1429; x_wconf 86' lang='lat' dir='ltr'><strong>est</strong></span> <span class='ocrx_word' id='word_1_144' title='bbox 2201 1394 2382 1442; x_wconf 93' lang='lat' dir='ltr'><strong>quam</strong></span> 
     </span>
     <span class='ocr_line' id='line_1_21' title="bbox 176 1443 2380 1514; baseline 0.002 -18"><span class='ocrx_word' id='word_1_145' title='bbox 176 1443 273 1496; x_wconf 84' lang='lat' dir='ltr'><strong>hic</strong></span> <span class='ocrx_word' id='word_1_146' title='bbox 287 1443 550 1509; x_wconf 86' lang='lat' dir='ltr'><strong>Sphaerae</strong></span> <span class='ocrx_word' id='word_1_147' title='bbox 566 1445 899 1497; x_wconf 86' lang='lat' dir='ltr'><strong>Mundanae</strong></span> <span class='ocrx_word' id='word_1_148' title='bbox 915 1445 1236 1507; x_wconf 87' lang='lat' dir='ltr'><strong>inclinatiO,</strong></span> <span class='ocrx_word' id='word_1_149' title='bbox 1251 1447 1347 1499; x_wconf 92' lang='lat' dir='ltr'><strong>sed</strong></span> <span class='ocrx_word' id='word_1_150' title='bbox 1362 1454 1416 1498; x_wconf 88' lang='lat' dir='ltr'><strong>et</strong></span> <span class='ocrx_word' id='word_1_151' title='bbox 1430 1450 1493 1498; x_wconf 94' lang='lat' dir='ltr'><strong>in</strong></span> <span class='ocrx_word' id='word_1_152' title='bbox 1501 1447 1753 1514; x_wconf 88' lang='lat' dir='ltr'><strong>AEgypto</strong></span> <span class='ocrx_word' id='word_1_153' title='bbox 1769 1448 1928 1512; x_wconf 92' lang='lat' dir='ltr'><strong>apud</strong></span> <span class='ocrx_word' id='word_1_154' title='bbox 1936 1447 2380 1509; x_wconf 89' lang='lat' dir='ltr'><strong>Alexandriam,</strong></span> 
     </span>
     <span class='ocr_line' id='line_1_22' title="bbox 175 1515 2380 1581; baseline 0.002 -14"><span class='ocrx_word' id='word_1_155' title='bbox 175 1515 457 1580; x_wconf 80' lang='lat' dir='ltr'><strong>siquidem</strong></span> <span class='ocrx_word' id='word_1_156' title='bbox 478 1516 559 1568; x_wconf 92' lang='lat' dir='ltr'><strong>ibi</strong></span> <span class='ocrx_word' id='word_1_157' title='bbox 578 1516 774 1568; x_wconf 93' lang='lat' dir='ltr'><strong>adhuc</strong></span> <span class='ocrx_word' id='word_1_158' title='bbox 794 1515 1002 1569; x_wconf 71' lang='lat' dir='ltr'><strong>rectior</strong></span> <span class='ocrx_word' id='word_1_159' title='bbox 1023 1517 1113 1577; x_wconf 92' lang='lat' dir='ltr'><strong>est,</strong></span> <span class='ocrx_word' id='word_1_160' title='bbox 1134 1518 1427 1570; x_wconf 92' lang='lat' dir='ltr'><strong>nonnulla</strong></span> <span class='ocrx_word' id='word_1_161' title='bbox 1448 1521 1511 1570; x_wconf 93' lang='lat' dir='ltr'><strong>in</strong></span> <span class='ocrx_word' id='word_1_162' title='bbox 1524 1519 1829 1571; x_wconf 88' lang='lat' dir='ltr'><strong>Astrorum</strong></span> <span class='ocrx_word' id='word_1_163' title='bbox 1846 1519 2380 1581; x_wconf 81' lang='lat' dir='ltr'><strong>ObservationibuS‚</strong></span> 
     </span>
     <span class='ocr_line' id='line_1_23' title="bbox 176 1587 2382 1653; baseline 0.002 -15"><span class='ocrx_word' id='word_1_164' title='bbox 176 1602 311 1651; x_wconf 86' lang='lat' dir='ltr'><strong>quae</strong></span> <span class='ocrx_word' id='word_1_165' title='bbox 348 1587 444 1638; x_wconf 87' lang='lat' dir='ltr'><strong>hic</strong></span> <span class='ocrx_word' id='word_1_166' title='bbox 477 1603 598 1639; x_wconf 94' lang='lat' dir='ltr'><strong>non</strong></span> <span class='ocrx_word' id='word_1_167' title='bbox 631 1590 712 1640; x_wconf 91' lang='lat' dir='ltr'><strong>ita</strong></span> <span class='ocrx_word' id='word_1_168' title='bbox 743 1595 959 1652; x_wconf 91' lang='lat' dir='ltr'><strong>patent,</strong></span> <span class='ocrx_word' id='word_1_169' title='bbox 1002 1588 1296 1653; x_wconf 89' lang='lat' dir='ltr'><strong>perficere.</strong></span> <span class='ocrx_word' id='word_1_170' title='bbox 1341 1589 1749 1652; x_wconf 89' lang='lat' dir='ltr'><strong>Quamobrem</strong></span> <span class='ocrx_word' id='word_1_171' title='bbox 1780 1590 1971 1642; x_wconf 92' lang='lat' dir='ltr'><strong>filium</strong></span> <span class='ocrx_word' id='word_1_172' title='bbox 2004 1606 2206 1643; x_wconf 90' lang='lat' dir='ltr'><strong>meum</strong></span> <span class='ocrx_word' id='word_1_173' title='bbox 2237 1599 2382 1644; x_wconf 91' lang='lat' dir='ltr'><strong>natu</strong></span> 
     </span>
     <span class='ocr_line' id='line_1_24' title="bbox 174 1659 2381 1727; baseline 0.002 -18"><span class='ocrx_word' id='word_1_174' title='bbox 174 1660 463 1710; x_wconf 92' lang='lat' dir='ltr'><strong>maiorem</strong></span> <span class='ocrx_word' id='word_1_175' title='bbox 485 1674 557 1710; x_wconf 92' lang='lat' dir='ltr'><strong>ex</strong></span> <span class='ocrx_word' id='word_1_176' title='bbox 577 1674 674 1710; x_wconf 92' lang='lat' dir='ltr'><strong>me</strong></span> <span class='ocrx_word' id='word_1_177' title='bbox 693 1659 815 1724; x_wconf 92' lang='lat' dir='ltr'><strong>ipso</strong></span> <span class='ocrx_word' id='word_1_178' title='bbox 837 1659 1303 1720; x_wconf 89' lang='lat' dir='ltr'><strong>denominatum,</strong></span> <span class='ocrx_word' id='word_1_179' title='bbox 1326 1661 1753 1714; x_wconf 84' lang='lat' dir='ltr'><strong>adolescentem</strong></span> <span class='ocrx_word' id='word_1_180' title='bbox 1774 1662 1831 1714; x_wconf 90' lang='lat'><strong>18</strong></span> <span class='ocrx_word' id='word_1_181' title='bbox 1845 1663 2180 1722; x_wconf 90' lang='lat' dir='ltr'><strong>Annorum,</strong></span> <span class='ocrx_word' id='word_1_182' title='bbox 2203 1678 2381 1727; x_wconf 92' lang='lat' dir='ltr'><strong>quem</strong></span> 
     </span>
     <span class='ocr_line' id='line_1_25' title="bbox 174 1729 2380 1798; baseline 0.002 -17"><span class='ocrx_word' id='word_1_183' title='bbox 174 1729 311 1782; x_wconf 91' lang='lat' dir='ltr'><strong>inde</strong></span> <span class='ocrx_word' id='word_1_184' title='bbox 338 1729 411 1782; x_wconf 93' lang='lat' dir='ltr'><strong>ab</strong></span> <span class='ocrx_word' id='word_1_185' title='bbox 438 1730 560 1794; x_wconf 93' lang='lat' dir='ltr'><strong>ipsa</strong></span> <span class='ocrx_word' id='word_1_186' title='bbox 586 1733 837 1794; x_wconf 92' lang='lat' dir='ltr'><strong>pueritia</strong></span> <span class='ocrx_word' id='word_1_187' title='bbox 864 1731 939 1782; x_wconf 91' lang='lat' dir='ltr'><strong>ad</strong></span> <span class='ocrx_word' id='word_1_188' title='bbox 966 1731 1096 1783; x_wconf 86' lang='lat' dir='ltr'><strong>haec</strong></span> <span class='ocrx_word' id='word_1_189' title='bbox 1123 1735 1400 1784; x_wconf 86' lang='lat' dir='ltr'><strong>exercitia</strong></span> <span class='ocrx_word' id='word_1_190' title='bbox 1426 1732 1706 1794; x_wconf 86' lang='lat' dir='ltr'><strong>assueseci‚</strong></span> <span class='ocrx_word' id='word_1_191' title='bbox 1738 1731 2015 1785; x_wconf 66' lang='lat' dir='ltr'><strong>adiuncto</strong></span> <span class='ocrx_word' id='word_1_192' title='bbox 2041 1733 2126 1785; x_wconf 94' lang='lat' dir='ltr'><strong>illi</strong></span> <span class='ocrx_word' id='word_1_193' title='bbox 2153 1750 2260 1798; x_wconf 92' lang='lat' dir='ltr'><strong>pro</strong></span> <span class='ocrx_word' id='word_1_194' title='bbox 2289 1750 2380 1786; x_wconf 94' lang='lat' dir='ltr'><strong>co-</strong></span> 
     </span>
     <span class='ocr_line' id='line_1_26' title="bbox 173 1801 2380 1867; baseline 0.002 -15"><span class='ocrx_word' id='word_1_195' title='bbox 173 1803 314 1852; x_wconf 92' lang='lat' dir='ltr'><strong>mite</strong></span> <span class='ocrx_word' id='word_1_196' title='bbox 336 1801 596 1865; x_wconf 93' lang='lat' dir='ltr'><strong>quodam</strong></span> <span class='ocrx_word' id='word_1_197' title='bbox 620 1817 692 1853; x_wconf 88' lang='lat' dir='ltr'><strong>ex</strong></span> <span class='ocrx_word' id='word_1_198' title='bbox 711 1805 859 1853; x_wconf 91' lang='lat' dir='ltr'><strong>meis</strong></span> <span class='ocrx_word' id='word_1_199' title='bbox 879 1802 1153 1862; x_wconf 78' lang='lat' dir='ltr'><strong>studiofi8,</strong></span> <span class='ocrx_word' id='word_1_200' title='bbox 1182 1806 1284 1867; x_wconf 93' lang='lat' dir='ltr'><strong>qui</strong></span> <span class='ocrx_word' id='word_1_201' title='bbox 1305 1803 1486 1867; x_wconf 92' lang='lat' dir='ltr'><strong>usque</strong></span> <span class='ocrx_word' id='word_1_202' title='bbox 1507 1807 1571 1855; x_wconf 95' lang='lat' dir='ltr'><strong>in</strong></span> <span class='ocrx_word' id='word_1_203' title='bbox 1589 1807 1825 1856; x_wconf 89' lang='lat' dir='ltr'><strong>tertium</strong></span> <span class='ocrx_word' id='word_1_204' title='bbox 1846 1806 2094 1856; x_wconf 90' lang='lat' dir='ltr'><strong>Annum</strong></span> <span class='ocrx_word' id='word_1_205' title='bbox 2122 1808 2182 1857; x_wconf 93' lang='lat' dir='ltr'><strong>in</strong></span> <span class='ocrx_word' id='word_1_206' title='bbox 2205 1806 2380 1858; x_wconf 90' lang='lat' dir='ltr'><strong>rebus</strong></span> 
     </span>
     <span class='ocr_line' id='line_1_27' title="bbox 174 1871 2380 1941; baseline 0.002 -18"><span class='ocrx_word' id='word_1_207' title='bbox 174 1871 594 1924; x_wconf 84' lang='lat' dir='ltr'><strong>Astronomicis</strong></span> <span class='ocrx_word' id='word_1_208' title='bbox 614 1871 944 1925; x_wconf 68' lang='lat' dir='ltr'><strong>factitandis</strong></span> <span class='ocrx_word' id='word_1_209' title='bbox 964 1873 1212 1926; x_wconf 89' lang='lat' dir='ltr'><strong>fideliter</strong></span> <span class='ocrx_word' id='word_1_210' title='bbox 1233 1881 1287 1926; x_wconf 93' lang='lat' dir='ltr'><strong>et</strong></span> <span class='ocrx_word' id='word_1_211' title='bbox 1307 1874 1507 1927; x_wconf 91' lang='lat' dir='ltr'><strong>sedulo</strong></span> <span class='ocrx_word' id='word_1_212' title='bbox 1534 1875 1682 1927; x_wconf 92' lang='lat' dir='ltr'><strong>mihi</strong></span> <span class='ocrx_word' id='word_1_213' title='bbox 1709 1875 2020 1935; x_wconf 84' lang='lat' dir='ltr'><strong>inservivit,</strong></span> <span class='ocrx_word' id='word_1_214' title='bbox 2046 1876 2380 1941; x_wconf 88' lang='lat' dir='ltr'><strong>harumque</strong></span> 
     </span>
     <span class='ocr_line' id='line_1_28' title="bbox 173 1943 2378 2010; baseline 0.002 -16"><span class='ocrx_word' id='word_1_215' title='bbox 173 1959 298 1994; x_wconf 95' lang='lat' dir='ltr'><strong>non</strong></span> <span class='ocrx_word' id='word_1_216' title='bbox 323 1943 629 2009; x_wconf 89' lang='lat' dir='ltr'><strong>vulgarem</strong></span> <span class='ocrx_word' id='word_1_217' title='bbox 658 1947 929 2008; x_wconf 91' lang='lat' dir='ltr'><strong>peritiam</strong></span> <span class='ocrx_word' id='word_1_218' title='bbox 956 1944 1056 1996; x_wconf 90' lang='lat' dir='ltr'><strong>fibi</strong></span> <span class='ocrx_word' id='word_1_219' title='bbox 1082 1948 1307 1998; x_wconf 89' lang='lat' dir='ltr'><strong>interea</strong></span> <span class='ocrx_word' id='word_1_220' title='bbox 1333 1949 1712 2010; x_wconf 89' lang='lat' dir='ltr'><strong>comparavit,</strong></span> <span class='ocrx_word' id='word_1_221' title='bbox 1742 1946 1975 1999; x_wconf 89' lang='lat' dir='ltr'><strong>favente</strong></span> <span class='ocrx_word' id='word_1_222' title='bbox 2003 1947 2226 1999; x_wconf 91' lang='lat' dir='ltr'><strong>Divino</strong></span> <span class='ocrx_word' id='word_1_223' title='bbox 2255 1949 2378 2000; x_wconf 95' lang='lat' dir='ltr'><strong>Nu-</strong></span> 
     </span>
     <span class='ocr_line' id='line_1_29' title="bbox 172 2015 2380 2082; baseline 0.002 -16"><span class='ocrx_word' id='word_1_224' title='bbox 172 2017 350 2074; x_wconf 90' lang='lat' dir='ltr'><strong>mine,</strong></span> <span class='ocrx_word' id='word_1_225' title='bbox 387 2015 630 2067; x_wconf 84' lang='lat' dir='ltr'><strong>instanti-</strong></span> <span class='ocrx_word' id='word_1_226' title='bbox 653 2031 806 2075; x_wconf 87' lang='lat' dir='ltr'><strong>vere,</strong></span> <span class='ocrx_word' id='word_1_227' title='bbox 843 2016 937 2067; x_wconf 88' lang='lat' dir='ltr'><strong>vel</strong></span> <span class='ocrx_word' id='word_1_228' title='bbox 973 2019 1417 2081; x_wconf 89' lang='lat' dir='ltr'><strong>quamprimum</strong></span> <span class='ocrx_word' id='word_1_229' title='bbox 1451 2017 1579 2069; x_wconf 88' lang='lat' dir='ltr'><strong>fieri</strong></span> <span class='ocrx_word' id='word_1_230' title='bbox 1614 2020 1839 2082; x_wconf 89' lang='lat' dir='ltr'><strong>poterit,</strong></span> <span class='ocrx_word' id='word_1_231' title='bbox 1883 2019 1958 2070; x_wconf 92' lang='lat' dir='ltr'><strong>ad</strong></span> <span class='ocrx_word' id='word_1_232' title='bbox 2000 2018 2156 2070; x_wconf 80' lang='lat' dir='ltr'><strong>Smam</strong></span> <span class='ocrx_word' id='word_1_233' title='bbox 2186 2018 2380 2071; x_wconf 91' lang='lat' dir='ltr'><strong>Tuam</strong></span> 
     </span>
     <span class='ocr_line' id='line_1_30' title="bbox 175 2085 2378 2148; baseline 0.002 -10"><span class='ocrx_word' id='word_1_234' title='bbox 175 2085 383 2138; x_wconf 74' lang='lat' dir='ltr'><strong>Celnem</strong></span> <span class='ocrx_word' id='word_1_235' title='bbox 410 2089 472 2137; x_wconf 94' lang='lat' dir='ltr'><strong>in</strong></span> <span class='ocrx_word' id='word_1_236' title='bbox 500 2086 847 2139; x_wconf 87' lang='lat' dir='ltr'><strong>Hetruriam</strong></span> <span class='ocrx_word' id='word_1_237' title='bbox 876 2090 1120 2148; x_wconf 90' lang='lat' dir='ltr'><strong>mittere,</strong></span> <span class='ocrx_word' id='word_1_238' title='bbox 1149 2089 1362 2140; x_wconf 92' lang='lat' dir='ltr'><strong>tradito</strong></span> <span class='ocrx_word' id='word_1_239' title='bbox 1391 2088 1476 2140; x_wconf 92' lang='lat' dir='ltr'><strong>illi</strong></span> <span class='ocrx_word' id='word_1_240' title='bbox 1506 2104 1629 2141; x_wconf 93' lang='lat' dir='ltr'><strong>uno</strong></span> <span class='ocrx_word' id='word_1_241' title='bbox 1655 2089 1751 2140; x_wconf 91' lang='lat' dir='ltr'><strong>vel</strong></span> <span class='ocrx_word' id='word_1_242' title='bbox 1779 2089 1964 2141; x_wconf 91' lang='lat' dir='ltr'><strong>altero</strong></span> <span class='ocrx_word' id='word_1_243' title='bbox 1992 2089 2378 2143; x_wconf 90' lang='lat' dir='ltr'><strong>Instrumento</strong></span> 
     </span>
     <span class='ocr_line' id='line_1_31' title="bbox 174 2158 2379 2224; baseline 0.002 -16"><span class='ocrx_word' id='word_1_244' title='bbox 174 2172 246 2209; x_wconf 85' lang='lat' dir='ltr'><strong>ex</strong></span> <span class='ocrx_word' id='word_1_245' title='bbox 265 2159 430 2217; x_wconf 82' lang='lat' dir='ltr'><strong>meiS,</strong></span> <span class='ocrx_word' id='word_1_246' title='bbox 456 2158 616 2222; x_wconf 94' lang='lat' dir='ltr'><strong>quod</strong></span> <span class='ocrx_word' id='word_1_247' title='bbox 636 2158 906 2222; x_wconf 91' lang='lat' dir='ltr'><strong>portatile</strong></span> <span class='ocrx_word' id='word_1_248' title='bbox 927 2158 990 2210; x_wconf 88' lang='lat' dir='ltr'><strong>fit</strong></span> <span class='ocrx_word' id='word_1_249' title='bbox 1011 2159 1074 2222; x_wconf 90' lang='grc'><strong>(11</strong></span> <span class='ocrx_word' id='word_1_250' title='bbox 1093 2160 1272 2212; x_wconf 93' lang='lat' dir='ltr'><strong>modo</strong></span> <span class='ocrx_word' id='word_1_251' title='bbox 1293 2160 1353 2212; x_wconf 94' lang='lat' dir='ltr'><strong>id</strong></span> <span class='ocrx_word' id='word_1_252' title='bbox 1373 2161 1684 2212; x_wconf 92' lang='lat' dir='ltr'><strong>commode</strong></span> <span class='ocrx_word' id='word_1_253' title='bbox 1706 2159 1858 2212; x_wconf 89' lang='lat' dir='ltr'><strong>effici</strong></span> <span class='ocrx_word' id='word_1_254' title='bbox 1879 2160 2079 2224; x_wconf 91' lang='lat' dir='ltr'><strong>queat)</strong></span> <span class='ocrx_word' id='word_1_255' title='bbox 2100 2163 2224 2213; x_wconf 73' lang='lat' dir='ltr'><strong>una</strong></span> <span class='ocrx_word' id='word_1_256' title='bbox 2244 2177 2379 2213; x_wconf 94' lang='lat' dir='ltr'><strong>cum</strong></span> 
     </span>
     <span class='ocr_line' id='line_1_32' title="bbox 172 2226 2379 2296; baseline 0.002 -17"><span class='ocrx_word' id='word_1_257' title='bbox 172 2226 562 2290; x_wconf 54' lang='lat' dir='ltr'><strong>instructione,</strong></span> <span class='ocrx_word' id='word_1_258' title='bbox 591 2230 893 2293; x_wconf 94' lang='lat' dir='ltr'><strong>quomodo</strong></span> <span class='ocrx_word' id='word_1_259' title='bbox 914 2230 1102 2294; x_wconf 89' lang='lat' dir='ltr'><strong>plura,</strong></span> <span class='ocrx_word' id='word_1_260' title='bbox 1129 2239 1302 2295; x_wconf 94' lang='lat' dir='ltr'><strong>prout</strong></span> <span class='ocrx_word' id='word_1_261' title='bbox 1323 2247 1474 2296; x_wconf 93' lang='lat' dir='ltr'><strong>opus</strong></span> <span class='ocrx_word' id='word_1_262' title='bbox 1494 2231 1683 2291; x_wconf 90' lang='lat' dir='ltr'><strong>fuerit,</strong></span> <span class='ocrx_word' id='word_1_263' title='bbox 1707 2231 1868 2283; x_wconf 86' lang='lat' dir='ltr'><strong>isthic</strong></span> <span class='ocrx_word' id='word_1_264' title='bbox 1887 2233 2154 2296; x_wconf 89' lang='lat' dir='ltr'><strong>paranda</strong></span> <span class='ocrx_word' id='word_1_265' title='bbox 2173 2232 2295 2293; x_wconf 86' lang='lat' dir='ltr'><strong>fint,</strong></span> <span class='ocrx_word' id='word_1_266' title='bbox 2325 2241 2379 2284; x_wconf 90' lang='lat' dir='ltr'><strong>et</strong></span> 
     </span>
     <span class='ocr_line' id='line_1_33' title="bbox 173 2301 2378 2368; baseline 0.002 -17"><span class='ocrx_word' id='word_1_267' title='bbox 173 2315 453 2364; x_wconf 88' lang='lat' dir='ltr'><strong>quaenam</strong></span> <span class='ocrx_word' id='word_1_268' title='bbox 473 2302 544 2366; x_wconf 88' lang='lat' dir='ltr'><strong>ijs</strong></span> <span class='ocrx_word' id='word_1_269' title='bbox 566 2301 796 2352; x_wconf 87' lang='lat' dir='ltr'><strong>coelitus</strong></span> <span class='ocrx_word' id='word_1_270' title='bbox 817 2302 1171 2354; x_wconf 90' lang='lat' dir='ltr'><strong>denotanda.</strong></span> <span class='ocrx_word' id='word_1_271' title='bbox 1201 2302 1495 2366; x_wconf 90' lang='lat' dir='ltr'><strong>Daboque</strong></span> <span class='ocrx_word' id='word_1_272' title='bbox 1516 2302 1684 2354; x_wconf 90' lang='lat' dir='ltr'><strong>fimul</strong></span> <span class='ocrx_word' id='word_1_273' title='bbox 1705 2319 1965 2367; x_wconf 91' lang='lat' dir='ltr'><strong>operam,</strong></span> <span class='ocrx_word' id='word_1_274' title='bbox 1993 2310 2058 2355; x_wconf 91' lang='lat' dir='ltr'><strong>ut</strong></span> <span class='ocrx_word' id='word_1_275' title='bbox 2076 2306 2126 2355; x_wconf 92' lang='lat' dir='ltr'><strong>is</strong></span> <span class='ocrx_word' id='word_1_276' title='bbox 2146 2303 2378 2368; x_wconf 91' lang='lat' dir='ltr'><strong>aliquos</strong></span> 
     </span>
     <span class='ocr_line' id='line_1_34' title="bbox 171 2370 2377 2427; baseline 0.002 -5"><span class='ocrx_word' id='word_1_277' title='bbox 171 2370 457 2423; x_wconf 92' lang='lat' dir='ltr'><strong>librorum</strong></span> <span class='ocrx_word' id='word_1_278' title='bbox 470 2387 742 2423; x_wconf 89' lang='lat' dir='ltr'><strong>meorum</strong></span> <span class='ocrx_word' id='word_1_279' title='bbox 757 2388 794 2424; x_wconf 93' lang='lat' dir='ltr'><strong>a</strong></span> <span class='ocrx_word' id='word_1_280' title='bbox 808 2373 863 2424; x_wconf 90' lang='lat' dir='ltr'><strong>S.</strong></span> <span class='ocrx_word' id='word_1_281' title='bbox 879 2372 943 2423; x_wconf 93' lang='lat' dir='ltr'><strong>T.</strong></span> <span class='ocrx_word' id='word_1_282' title='bbox 961 2371 1126 2425; x_wconf 77' lang='lat' dir='ltr'><strong>Celne</strong></span> <span class='ocrx_word' id='word_1_283' title='bbox 1142 2373 1569 2426; x_wconf 89' lang='lat' dir='ltr'><strong>clementissime</strong></span> <span class='ocrx_word' id='word_1_284' title='bbox 1588 2374 2046 2426; x_wconf 87' lang='lat' dir='ltr'><strong>defideratorum</strong></span> <span class='ocrx_word' id='word_1_285' title='bbox 2065 2374 2257 2427; x_wconf 92' lang='lat' dir='ltr'><strong>secum</strong></span> <span class='ocrx_word' id='word_1_286' title='bbox 2280 2376 2377 2427; x_wconf 92' lang='lat' dir='ltr'><strong>ad-</strong></span> 
     </span>
     <span class='ocr_line' id='line_1_35' title="bbox 171 2441 2377 2504; baseline 0.002 -11"><span class='ocrx_word' id='word_1_287' title='bbox 171 2441 333 2494; x_wconf 86' lang='lat' dir='ltr'><strong>ferat.</strong></span> <span class='ocrx_word' id='word_1_288' title='bbox 364 2442 597 2494; x_wconf 92' lang='lat' dir='ltr'><strong>Deinde</strong></span> <span class='ocrx_word' id='word_1_289' title='bbox 623 2443 904 2495; x_wconf 83' lang='lat' dir='ltr'><strong>studiosus</strong></span> <span class='ocrx_word' id='word_1_290' title='bbox 929 2443 1043 2504; x_wconf 91' lang='lat' dir='ltr'><strong>ille,</strong></span> <span class='ocrx_word' id='word_1_291' title='bbox 1072 2443 1271 2497; x_wconf 66' lang='lat' dir='ltr'><strong>relicto</strong></span> <span class='ocrx_word' id='word_1_292' title='bbox 1298 2448 1361 2496; x_wconf 90' lang='lat' dir='ltr'><strong>in</strong></span> <span class='ocrx_word' id='word_1_293' title='bbox 1388 2445 1510 2497; x_wconf 78' lang='lat' dir='ltr'><strong>Smae</strong></span> <span class='ocrx_word' id='word_1_294' title='bbox 1530 2445 1678 2498; x_wconf 85' lang='lat' dir='ltr'><strong>Tuae</strong></span> <span class='ocrx_word' id='word_1_295' title='bbox 1706 2444 1885 2497; x_wconf 82' lang='lat' dir='ltr'><strong>Celnis</strong></span> <span class='ocrx_word' id='word_1_296' title='bbox 1906 2445 2121 2498; x_wconf 88' lang='lat' dir='ltr'><strong>Aulico</strong></span> <span class='ocrx_word' id='word_1_297' title='bbox 2149 2446 2377 2498; x_wconf 85' lang='lat' dir='ltr'><strong>servitio</strong></span> 
     </span>
     <span class='ocr_line' id='line_1_36' title="bbox 172 2513 2377 2582; baseline 0.002 -18"><span class='ocrx_word' id='word_1_298' title='bbox 172 2513 375 2576; x_wconf 91' lang='lat' dir='ltr'><strong>(modo</strong></span> <span class='ocrx_word' id='word_1_299' title='bbox 390 2513 444 2565; x_wconf 93' lang='lat' dir='ltr'><strong>S.</strong></span> <span class='ocrx_word' id='word_1_300' title='bbox 459 2513 524 2566; x_wconf 92' lang='lat' dir='ltr'><strong>T.</strong></span> <span class='ocrx_word' id='word_1_301' title='bbox 543 2513 698 2566; x_wconf 82' lang='lat' dir='ltr'><strong>Celni</strong></span> <span class='ocrx_word' id='word_1_302' title='bbox 718 2514 791 2566; x_wconf 87' lang='lat' dir='ltr'><strong>fic</strong></span> <span class='ocrx_word' id='word_1_303' title='bbox 811 2515 1118 2579; x_wconf 91' lang='lat' dir='ltr'><strong>placuerit)</strong></span> <span class='ocrx_word' id='word_1_304' title='bbox 1137 2515 1261 2568; x_wconf 89' lang='lat' dir='ltr'><strong>filio</strong></span> <span class='ocrx_word' id='word_1_305' title='bbox 1279 2531 1432 2576; x_wconf 92' lang='lat' dir='ltr'><strong>me0,</strong></span> <span class='ocrx_word' id='word_1_306' title='bbox 1454 2519 1515 2568; x_wconf 94' lang='lat' dir='ltr'><strong>in</strong></span> <span class='ocrx_word' id='word_1_307' title='bbox 1530 2516 1850 2582; x_wconf 89' lang='lat' dir='ltr'><strong>AEgyptum</strong></span> <span class='ocrx_word' id='word_1_308' title='bbox 1868 2517 2180 2582; x_wconf 88' lang='lat' dir='ltr'><strong>navigabit,</strong></span> <span class='ocrx_word' id='word_1_309' title='bbox 2203 2525 2377 2582; x_wconf 89' lang='lat' dir='ltr'><strong>atque</strong></span> 
     </span>
     <span class='ocr_line' id='line_1_37' title="bbox 171 2584 2376 2653; baseline 0.002 -18"><span class='ocrx_word' id='word_1_310' title='bbox 171 2600 242 2636; x_wconf 91' lang='lat' dir='ltr'><strong>ea</strong></span> <span class='ocrx_word' id='word_1_311' title='bbox 262 2599 398 2649; x_wconf 87' lang='lat' dir='ltr'><strong>quae</strong></span> <span class='ocrx_word' id='word_1_312' title='bbox 419 2584 579 2637; x_wconf 87' lang='lat' dir='ltr'><strong>isthic</strong></span> <span class='ocrx_word' id='word_1_313' title='bbox 599 2586 843 2638; x_wconf 92' lang='lat' dir='ltr'><strong>ulterius</strong></span> <span class='ocrx_word' id='word_1_314' title='bbox 865 2586 1158 2639; x_wconf 90' lang='lat' dir='ltr'><strong>observari</strong></span> <span class='ocrx_word' id='word_1_315' title='bbox 1177 2594 1468 2651; x_wconf 91' lang='lat' dir='ltr'><strong>poterunt,</strong></span> <span class='ocrx_word' id='word_1_316' title='bbox 1490 2590 1655 2640; x_wconf 86' lang='lat' dir='ltr'><strong>iuxta</strong></span> <span class='ocrx_word' id='word_1_317' title='bbox 1668 2603 1867 2640; x_wconf 91' lang='lat' dir='ltr'><strong>meam</strong></span> <span class='ocrx_word' id='word_1_318' title='bbox 1880 2588 2376 2653; x_wconf 87' lang='lat' dir='ltr'><strong>praescriptionem</strong></span> 
     </span>
     <span class='ocr_line' id='line_1_38' title="bbox 169 2656 2375 2725; baseline 0.002 -18"><span class='ocrx_word' id='word_1_319' title='bbox 169 2658 386 2719; x_wconf 89' lang='lat' dir='ltr'><strong>pariter</strong></span> <span class='ocrx_word' id='word_1_320' title='bbox 412 2656 743 2722; x_wconf 83' lang='lat' dir='ltr'><strong>designabit.</strong></span> <span class='ocrx_word' id='word_1_321' title='bbox 773 2657 911 2721; x_wconf 93' lang='lat' dir='ltr'><strong>Qua</strong></span> <span class='ocrx_word' id='word_1_322' title='bbox 933 2661 995 2709; x_wconf 94' lang='lat' dir='ltr'><strong>in</strong></span> <span class='ocrx_word' id='word_1_323' title='bbox 1016 2674 1077 2710; x_wconf 89' lang='lat' dir='ltr'><strong>re</strong></span> <span class='ocrx_word' id='word_1_324' title='bbox 1100 2659 1322 2724; x_wconf 90' lang='lat' dir='ltr'><strong>Inclyta</strong></span> <span class='ocrx_word' id='word_1_325' title='bbox 1343 2659 1727 2711; x_wconf 88' lang='lat' dir='ltr'><strong>Venetiarum</strong></span> <span class='ocrx_word' id='word_1_326' title='bbox 1749 2659 2105 2724; x_wconf 86' lang='lat' dir='ltr'><strong>Respublica,</strong></span> <span class='ocrx_word' id='word_1_327' title='bbox 2134 2661 2375 2725; x_wconf 93' lang='lat' dir='ltr'><strong>quando</strong></span> 
     </span>
     <span class='ocr_line' id='line_1_39' title="bbox 170 2726 2377 2795; baseline 0.002 -17"><span class='ocrx_word' id='word_1_328' title='bbox 170 2726 436 2791; x_wconf 87' lang='lat' dir='ltr'><strong>aliquam</strong></span> <span class='ocrx_word' id='word_1_329' title='bbox 472 2743 543 2779; x_wconf 92' lang='lat' dir='ltr'><strong>eo</strong></span> <span class='ocrx_word' id='word_1_330' title='bbox 579 2744 797 2780; x_wconf 86' lang='lat' dir='ltr'><strong>navem</strong></span> <span class='ocrx_word' id='word_1_331' title='bbox 832 2729 1077 2794; x_wconf 91' lang='lat' dir='ltr'><strong>ablegat,</strong></span> <span class='ocrx_word' id='word_1_332' title='bbox 1115 2737 1546 2795; x_wconf 91' lang='lat' dir='ltr'><strong>competentem</strong></span> <span class='ocrx_word' id='word_1_333' title='bbox 1580 2734 2016 2795; x_wconf 91' lang='lat' dir='ltr'><strong>promotionem</strong></span> <span class='ocrx_word' id='word_1_334' title='bbox 2056 2731 2163 2795; x_wconf 90' lang='lat' dir='ltr'><strong>(uti</strong></span> <span class='ocrx_word' id='word_1_335' title='bbox 2200 2734 2377 2783; x_wconf 91' lang='lat' dir='ltr'><strong>etiam</strong></span> 
     </span>
     <span class='ocr_line' id='line_1_40' title="bbox 169 2797 2374 2864; baseline 0.002 -15"><span class='ocrx_word' id='word_1_336' title='bbox 169 2797 327 2862; x_wconf 91' lang='lat' dir='ltr'><strong>spem</strong></span> <span class='ocrx_word' id='word_1_337' title='bbox 353 2798 677 2863; x_wconf 91' lang='lat' dir='ltr'><strong>aliqualem</strong></span> <span class='ocrx_word' id='word_1_338' title='bbox 702 2799 979 2864; x_wconf 67' lang='lat' dir='ltr'><strong>praedidto</strong></span> <span class='ocrx_word' id='word_1_339' title='bbox 1006 2800 1566 2862; x_wconf 77' lang='lat' dir='ltr'><strong>TENGNAGLK),</strong></span> <span class='ocrx_word' id='word_1_340' title='bbox 1598 2802 1710 2854; x_wconf 93' lang='lat' dir='ltr'><strong>hac</strong></span> <span class='ocrx_word' id='word_1_341' title='bbox 1741 2803 1811 2854; x_wconf 89' lang='lat' dir='ltr'><strong>de</strong></span> <span class='ocrx_word' id='word_1_342' title='bbox 1842 2818 1920 2862; x_wconf 91' lang='lat' dir='ltr'><strong>re,</strong></span> <span class='ocrx_word' id='word_1_343' title='bbox 1952 2802 2095 2854; x_wconf 90' lang='lat' dir='ltr'><strong>dum</strong></span> <span class='ocrx_word' id='word_1_344' title='bbox 2123 2801 2203 2853; x_wconf 93' lang='lat' dir='ltr'><strong>ibi</strong></span> <span class='ocrx_word' id='word_1_345' title='bbox 2233 2803 2374 2861; x_wconf 83' lang='lat' dir='ltr'><strong>esset.</strong></span> 
     </span>
     <span class='ocr_line' id='line_1_41' title="bbox 169 2870 2374 2936; baseline 0.002 -16"><span class='ocrx_word' id='word_1_346' title='bbox 169 2884 305 2921; x_wconf 92' lang='lat' dir='ltr'><strong>meo</strong></span> <span class='ocrx_word' id='word_1_347' title='bbox 325 2872 569 2922; x_wconf 92' lang='lat' dir='ltr'><strong>nomine</strong></span> <span class='ocrx_word' id='word_1_348' title='bbox 589 2870 896 2923; x_wconf 88' lang='lat' dir='ltr'><strong>solicitanti</strong></span> <span class='ocrx_word' id='word_1_349' title='bbox 916 2871 1071 2935; x_wconf 86' lang='lat' dir='ltr'><strong>fecit)</strong></span> <span class='ocrx_word' id='word_1_350' title='bbox 1099 2874 1448 2936; x_wconf 88' lang='lat' dir='ltr'><strong>potissimum</strong></span> <span class='ocrx_word' id='word_1_351' title='bbox 1468 2888 1609 2924; x_wconf 91' lang='lat' dir='ltr'><strong>vero</strong></span> <span class='ocrx_word' id='word_1_352' title='bbox 1630 2873 1778 2924; x_wconf 84' lang='lat' dir='ltr'><strong>Tuae</strong></span> <span class='ocrx_word' id='word_1_353' title='bbox 1799 2873 2179 2925; x_wconf 85' lang='lat' dir='ltr'><strong>Serenissimae</strong></span> <span class='ocrx_word' id='word_1_354' title='bbox 2202 2873 2374 2925; x_wconf 67' lang='grc'>(26111-</span> 
     </span>
     <span class='ocr_line' id='line_1_42' title="bbox 169 2939 2373 3009; baseline 0.002 -18"><span class='ocrx_word' id='word_1_355' title='bbox 169 2939 387 2992; x_wconf 93' lang='lat' dir='ltr'><strong>tudinis</strong></span> <span class='ocrx_word' id='word_1_356' title='bbox 415 2941 769 2994; x_wconf 89' lang='lat' dir='ltr'><strong>authoritate</strong></span> <span class='ocrx_word' id='word_1_357' title='bbox 791 2950 845 2994; x_wconf 93' lang='lat' dir='ltr'><strong>et</strong></span> <span class='ocrx_word' id='word_1_358' title='bbox 864 2944 1259 2995; x_wconf 89' lang='lat' dir='ltr'><strong>intercessione</strong></span> <span class='ocrx_word' id='word_1_359' title='bbox 1286 2942 1510 3004; x_wconf 69' lang='grc'>3116613,</span> <span class='ocrx_word' id='word_1_360' title='bbox 1538 2960 1662 2995; x_wconf 87' lang='grc'>11011</span> <span class='ocrx_word' id='word_1_361' title='bbox 1689 2944 1763 2995; x_wconf 92' lang='lat' dir='ltr'><strong>est</strong></span> <span class='ocrx_word' id='word_1_362' title='bbox 1791 2944 1897 3008; x_wconf 92' lang='lat' dir='ltr'><strong>(uti</strong></span> <span class='ocrx_word' id='word_1_363' title='bbox 1916 2943 2105 3008; x_wconf 89' lang='lat' dir='ltr'><strong>spero)</strong></span> <span class='ocrx_word' id='word_1_364' title='bbox 2127 2944 2373 3009; x_wconf 89' lang='lat' dir='ltr'><strong>denega-</strong></span> 
     </span>
     <span class='ocr_line' id='line_1_43' title="bbox 169 3007 2374 3080; baseline 0.001 -17"><span class='ocrx_word' id='word_1_365' title='bbox 169 3017 316 3063; x_wconf 89' lang='lat' dir='ltr'><strong>tura.</strong></span> <span class='ocrx_word' id='word_1_366' title='bbox 345 3007 365 3080; x_wconf 94' lang='grc' dir='ltr'><strong>ΙΙ</strong></span> <span class='ocrx_word' id='word_1_367' title='bbox 396 3011 456 3064; x_wconf 93' lang='lat' dir='ltr'><strong>Si</strong></span> <span class='ocrx_word' id='word_1_368' title='bbox 485 3015 683 3078; x_wconf 90' lang='lat' dir='ltr'><strong>itaque</strong></span> <span class='ocrx_word' id='word_1_369' title='bbox 707 3013 818 3066; x_wconf 70' lang='lat' dir='ltr'><strong>Sma</strong></span> <span class='ocrx_word' id='word_1_370' title='bbox 846 3013 1011 3066; x_wconf 76' lang='lat' dir='ltr'><strong>Celd0</strong></span> <span class='ocrx_word' id='word_1_371' title='bbox 1037 3014 1169 3067; x_wconf 93' lang='lat' dir='ltr'><strong>Tua</strong></span> <span class='ocrx_word' id='word_1_372' title='bbox 1196 3014 1388 3066; x_wconf 91' lang='lat' dir='ltr'><strong>filium</strong></span> <span class='ocrx_word' id='word_1_373' title='bbox 1417 3031 1619 3067; x_wconf 91' lang='lat' dir='ltr'><strong>meum</strong></span> <span class='ocrx_word' id='word_1_374' title='bbox 1648 3017 1771 3067; x_wconf 77' lang='lat' dir='ltr'><strong>una</strong></span> <span class='ocrx_word' id='word_1_375' title='bbox 1801 3031 1937 3067; x_wconf 94' lang='lat' dir='ltr'><strong>cum</strong></span> <span class='ocrx_word' id='word_1_376' title='bbox 1967 3013 2243 3067; x_wconf 65' lang='lat' dir='ltr'><strong>adiuncto</strong></span> <span class='ocrx_word' id='word_1_377' title='bbox 2272 3015 2374 3080; x_wconf 90' lang='lat' dir='ltr'><strong>ipfi</strong></span> 
     </span>
     <span class='ocr_line' id='line_1_44' title="bbox 169 3085 2372 3150; baseline 0.002 -16"><span class='ocrx_word' id='word_1_378' title='bbox 169 3085 396 3143; x_wconf 90' lang='lat' dir='ltr'><strong>comite,</strong></span> <span class='ocrx_word' id='word_1_379' title='bbox 435 3098 539 3148; x_wconf 91' lang='lat' dir='ltr'><strong>per</strong></span> <span class='ocrx_word' id='word_1_380' title='bbox 577 3100 848 3136; x_wconf 92' lang='lat' dir='ltr'><strong>annuum</strong></span> <span class='ocrx_word' id='word_1_381' title='bbox 885 3091 1117 3150; x_wconf 92' lang='lat' dir='ltr'><strong>tempus</strong></span> <span class='ocrx_word' id='word_1_382' title='bbox 1153 3093 1255 3138; x_wconf 93' lang='lat' dir='ltr'><strong>aut</strong></span> <span class='ocrx_word' id='word_1_383' title='bbox 1287 3089 1511 3138; x_wconf 91' lang='lat' dir='ltr'><strong>circiter</strong></span> <span class='ocrx_word' id='word_1_384' title='bbox 1543 3089 1605 3138; x_wconf 92' lang='lat' dir='ltr'><strong>in</strong></span> <span class='ocrx_word' id='word_1_385' title='bbox 1637 3086 1799 3138; x_wconf 90' lang='lat' dir='ltr'><strong>Aula</strong></span> <span class='ocrx_word' id='word_1_386' title='bbox 1830 3085 1932 3137; x_wconf 94' lang='lat' dir='ltr'><strong>sua</strong></span> <span class='ocrx_word' id='word_1_387' title='bbox 1964 3086 2123 3150; x_wconf 91' lang='lat' dir='ltr'><strong>apud</strong></span> <span class='ocrx_word' id='word_1_388' title='bbox 2155 3086 2210 3138; x_wconf 88' lang='lat' dir='ltr'><strong>se</strong></span> <span class='ocrx_word' id='word_1_389' title='bbox 2243 3089 2372 3138; x_wconf 90' lang='lat' dir='ltr'><strong>reti-</strong></span> 
     </span>
     <span class='ocr_line' id='line_1_45' title="bbox 169 3152 2371 3223; baseline 0.001 -18"><span class='ocrx_word' id='word_1_390' title='bbox 169 3168 326 3212; x_wconf 88' lang='lat' dir='ltr'><strong>nere,</strong></span> <span class='ocrx_word' id='word_1_391' title='bbox 365 3152 584 3219; x_wconf 89' lang='lat' dir='ltr'><strong>fibique</strong></span> <span class='ocrx_word' id='word_1_392' title='bbox 623 3156 1104 3208; x_wconf 90' lang='lat' dir='ltr'><strong>commendatum</strong></span> <span class='ocrx_word' id='word_1_393' title='bbox 1142 3157 1377 3217; x_wconf 89' lang='lat' dir='ltr'><strong>habere,</strong></span> <span class='ocrx_word' id='word_1_394' title='bbox 1417 3173 1524 3222; x_wconf 92' lang='lat' dir='ltr'><strong>pro</strong></span> <span class='ocrx_word' id='word_1_395' title='bbox 1563 3157 1836 3223; x_wconf 81' lang='lat' dir='ltr'><strong>singulari</strong></span> <span class='ocrx_word' id='word_1_396' title='bbox 1875 3157 1978 3208; x_wconf 94' lang='lat' dir='ltr'><strong>suo</strong></span> <span class='ocrx_word' id='word_1_397' title='bbox 2012 3164 2067 3208; x_wconf 93' lang='lat' dir='ltr'><strong>et</strong></span> <span class='ocrx_word' id='word_1_398' title='bbox 2101 3157 2371 3209; x_wconf 87' lang='lat' dir='ltr'><strong>Clemen-</strong></span> 
     </span>
    </p>
   </div>
   <div class='ocr_carea' id='block_1_8' title="bbox 74 3225 2372 3292">
    <p class='ocr_par' dir='ltr' id='par_1_9' title="bbox 74 3225 2372 3292">
     <span class='ocr_line' id='line_1_46' title="bbox 74 3225 2372 3292; baseline 0.002 -17"><span class='ocrx_word' id='word_1_399' title='bbox 74 3241 121 3275; x_wconf 71' lang='lat'><strong>40</strong></span> <span class='ocrx_word' id='word_1_400' title='bbox 169 3225 371 3276; x_wconf 84' lang='lat' dir='ltr'><strong>tissimo</strong></span> <span class='ocrx_word' id='word_1_401' title='bbox 408 3240 545 3290; x_wconf 90' lang='lat' dir='ltr'><strong>erga</strong></span> <span class='ocrx_word' id='word_1_402' title='bbox 579 3242 675 3278; x_wconf 92' lang='lat' dir='ltr'><strong>me</strong></span> <span class='ocrx_word' id='word_1_403' title='bbox 710 3226 929 3286; x_wconf 87' lang='lat' dir='ltr'><strong>favore,</strong></span> <span class='ocrx_word' id='word_1_404' title='bbox 966 3243 1090 3279; x_wconf 95' lang='lat' dir='ltr'><strong>non</strong></span> <span class='ocrx_word' id='word_1_405' title='bbox 1126 3228 1435 3287; x_wconf 88' lang='lat' dir='ltr'><strong>aversetur,</strong></span> <span class='ocrx_word' id='word_1_406' title='bbox 1475 3229 1687 3292; x_wconf 93' lang='lat' dir='ltr'><strong>quibus</strong></span> <span class='ocrx_word' id='word_1_407' title='bbox 1723 3229 1943 3292; x_wconf 90' lang='lat' dir='ltr'><strong>possum</strong></span> <span class='ocrx_word' id='word_1_408' title='bbox 1977 3228 2246 3292; x_wconf 90' lang='lat' dir='ltr'><strong>precibus</strong></span> <span class='ocrx_word' id='word_1_409' title='bbox 2279 3230 2372 3280; x_wconf 92' lang='lat' dir='ltr'><strong>de-</strong></span> 
     </span>
    </p>
   </div>
   <div class='ocr_carea' id='block_1_9' title="bbox 167 3296 2372 3365">
    <p class='ocr_par' dir='ltr' id='par_1_10' title="bbox 167 3296 2372 3365">
     <span class='ocr_line' id='line_1_47' title="bbox 167 3296 2372 3365; baseline 0.002 -19"><span class='ocrx_word' id='word_1_410' title='bbox 167 3296 322 3347; x_wconf 88' lang='lat' dir='ltr'><strong>misse</strong></span> <span class='ocrx_word' id='word_1_411' title='bbox 357 3311 480 3355; x_wconf 92' lang='lat' dir='ltr'><strong>oro,</strong></span> <span class='ocrx_word' id='word_1_412' title='bbox 516 3304 580 3349; x_wconf 92' lang='lat' dir='ltr'><strong>ut</strong></span> <span class='ocrx_word' id='word_1_413' title='bbox 614 3297 686 3349; x_wconf 93' lang='lat' dir='ltr'><strong>de</strong></span> <span class='ocrx_word' id='word_1_414' title='bbox 721 3297 823 3350; x_wconf 92' lang='lat' dir='ltr'><strong>sua</strong></span> <span class='ocrx_word' id='word_1_415' title='bbox 860 3298 1314 3351; x_wconf 86' lang='lat' dir='ltr'><strong>Clementissima</strong></span> <span class='ocrx_word' id='word_1_416' title='bbox 1352 3299 1465 3351; x_wconf 91' lang='lat' dir='ltr'><strong>hac</strong></span> <span class='ocrx_word' id='word_1_417' title='bbox 1500 3303 1562 3351; x_wconf 94' lang='lat' dir='ltr'><strong>in</strong></span> <span class='ocrx_word' id='word_1_418' title='bbox 1596 3306 1759 3364; x_wconf 89' lang='lat' dir='ltr'><strong>parte</strong></span> <span class='ocrx_word' id='word_1_419' title='bbox 1797 3299 2101 3351; x_wconf 91' lang='lat' dir='ltr'><strong>voluntate</strong></span> <span class='ocrx_word' id='word_1_420' title='bbox 2137 3315 2233 3351; x_wconf 91' lang='lat' dir='ltr'><strong>me</strong></span> <span class='ocrx_word' id='word_1_421' title='bbox 2269 3315 2372 3365; x_wconf 86' lang='lat' dir='ltr'><strong>per</strong></span> 
     </span>
    </p>
   </div>
   <div class='ocr_carea' id='block_1_10' title="bbox 168 3366 2371 3493">
    <p class='ocr_par' dir='ltr' id='par_1_11' title="bbox 168 3366 2371 3493">
     <span class='ocr_line' id='line_1_48' title="bbox 168 3366 2371 3436; baseline 0.002 -18"><span class='ocrx_word' id='word_1_422' title='bbox 168 3366 365 3418; x_wconf 87' lang='lat' dir='ltr'><strong>literas</strong></span> <span class='ocrx_word' id='word_1_423' title='bbox 385 3370 691 3420; x_wconf 90' lang='lat' dir='ltr'><strong>certiorem</strong></span> <span class='ocrx_word' id='word_1_424' title='bbox 712 3369 954 3421; x_wconf 89' lang='lat' dir='ltr'><strong>reddere</strong></span> <span class='ocrx_word' id='word_1_425' title='bbox 974 3385 1098 3422; x_wconf 93' lang='lat' dir='ltr'><strong>non</strong></span> <span class='ocrx_word' id='word_1_426' title='bbox 1125 3370 1486 3436; x_wconf 89' lang='lat' dir='ltr'><strong>degravetur,</strong></span> <span class='ocrx_word' id='word_1_427' title='bbox 1516 3378 1617 3422; x_wconf 91' lang='lat' dir='ltr'><strong>aut</strong></span> <span class='ocrx_word' id='word_1_428' title='bbox 1645 3373 1822 3422; x_wconf 89' lang='lat' dir='ltr'><strong>etiam</strong></span> <span class='ocrx_word' id='word_1_429' title='bbox 1846 3370 1903 3422; x_wconf 94' lang='lat' dir='ltr'><strong>id</strong></span> <span class='ocrx_word' id='word_1_430' title='bbox 1927 3370 2371 3423; x_wconf 86' lang='lat' dir='ltr'><strong>Generofissimo</strong></span> 
     </span>
     <span class='ocr_line' id='line_1_49' title="bbox 310 3448 2370 3493; baseline 0.005 -10"><span class='ocrx_word' id='word_1_431' title='bbox 310 3448 379 3483; x_wconf 73' lang='lat'><strong>31⁸</strong></span> <span class='ocrx_word' id='word_1_432' title='bbox 2315 3449 2370 3493; x_wconf 89' lang='lat' dir='ltr'><strong>et</strong></span> 
     </span>
    </p>
   </div>
  </div>
 </body>
</html>
