2678 4022
297 302 367 354 80
833 299 1271 353 EPISTOLAE
1297 299 1967 354 ASTRONOMICAE

296 441 371 486 [Ex
392 442 634 486 apographo
655 441 698 476 in
719 440 863 476 codice
885 440 1137 477 Monacensi
1158 440 1262 477 Bibl.
1281 440 1406 478 Univ.
1424 442 1494 478 693
1514 441 1558 477 in
1579 441 1644 486 2⁰]

572 529 633 600 F
640 528 1268 602 RANCISCUS
1308 529 2025 602 TENGNAGEL
2063 531 2225 603 AD

1005 631 1472 685 TYCHONEM
1500 633 1788 685 BRAHE.

1337 714 1456 757 S.P.

525 788 631 861 ‘f‘J-
761 798 1204 851 OBILISSIME
1233 805 1287 851 et
1312 799 1761 863 praestantissime
1785 798 2046 851 Domine
2067 798 2365 852 TYCHO.
2393 799 2497 850 Re-

623 866 646 960 3'
691 896 694 902 ·
758 869 869 921 bus
889 870 998 921 Mae
1019 869 1107 921 Tae
1129 885 1202 921 ex
1222 873 1408 922 animi
1427 870 1712 922 sententia
1733 868 2025 930 confecti&
2053 869 2229 935 officij
2256 873 2376 922 mei
2397 871 2499 922 esse

324 989 344 1022 ³
385 979 416 1037 Ὗ
441 989 483 1054 .’
512 988 647 1087 *js*
674 1013 717 1076 ἐξ»,
758 1015 972 1077 raptim
995 1012 1268 1065 Coloniae
1295 1013 1369 1065 ad
1396 1021 1450 1065 te
1479 1020 1736 1065 exaratae
1760 1013 1863 1065 tibi
1883 1013 2125 1065 redditae
2145 1013 2252 1064 fint
2271 1028 2380 1065 nec
2401 1011 2500 1076 ne)

549 1083 580 1118 Ὗ
595 1104 606 1129 ’.
674 1085 723 1145 *ῥέ
757 1083 1153 1148 particulatim
1173 1084 1466 1137 nonnulla
1481 1091 1536 1136 et
1549 1084 1727 1136 fufius
1748 1083 1980 1144 referre,
2004 1100 2139 1136 cum
2155 1090 2294 1136 tunc
2313 1086 2501 1136 otium

348 1148 356 1161 ¹
431 1215 433 1217 ‚
461 1151 505 1189 ’κ
757 1154 981 1220 lingula
1010 1156 1331 1220 attingendi
1359 1155 1508 1208 mihi
1537 1171 1661 1207 non
1689 1155 2031 1220 suppeteret,
2062 1156 2271 1207 omissis
2299 1161 2500 1207 tamen

294 1241 454 1277 nunc
475 1228 731 1291 ingratiS,
754 1242 890 1291 quae
910 1229 973 1278 in
993 1229 1200 1279 itinere
1221 1227 1369 1279 mihi
1392 1233 1732 1288 evenerunt,
1753 1227 2038 1291 liquidem
2054 1226 2345 1279 illibenter
2358 1226 2502 1279 talia

293 1304 348 1349 te
367 1297 572 1349 audire
590 1300 801 1349 norim.
823 1298 1262 1363 Aquisgranum
1277 1314 1411 1350 cum
1427 1298 1766 1363 appulissem
1783 1296 1984 1350 relicta
1997 1298 2029 1349 3
2045 1299 2139 1350 die
2154 1298 2304 1364 Iunij
2325 1297 2500 1351 Colo-

294 1371 412 1428 nia,
424 1369 504 1420 ibi
517 1369 945 1421 Serenissimum
958 1370 1289 1434 Principem
1301 1369 1627 1422 Eled'torem
1636 1369 2054 1422 Coloniensem
2065 1368 2502 1422 ERNESTUM

294 1443 415 1492 iam
435 1443 630 1492 itineri
650 1441 939 1492 Leodium
958 1441 1173 1501 versuS,
1203 1442 1363 1506 quod
1389 1441 1615 1506 postero
1640 1441 1733 1493 die
1757 1442 2029 1506 ingressus
2057 1440 2148 1501 est,
2176 1439 2502 1493 accinctum

294 1514 500 1576 reperi.
524 1511 644 1575 Qui
666 1515 1109 1577 quamprimum
1130 1513 1201 1564 de
1224 1528 1312 1572 e0,
1335 1512 1494 1577 quod
1510 1528 1645 1564 cum
1662 1512 1843 1564 literis
1857 1515 1972 1564 tuis
1987 1512 2250 1573 adessem,
2271 1511 2500 1563 inaudi-

295 1586 391 1643 vit,
408 1582 706 1634 confestim
719 1598 815 1635 me
830 1583 1168 1636 accersitum
1181 1583 1590 1635 humanissime
1607 1583 1996 1648 compellavit,
2015 1584 2388 1648 gratissimum
2402 1582 2503 1635 fibi

293 1669 514 1706 munus
535 1654 643 1706 Μἷὶἱε
663 1654 752 1706 Tae
771 1654 1097 1706 literarium
1117 1654 1461 1720 fignificanS‚
1488 1662 1542 1707 et
1563 1656 1841 1707 daturum
1860 1654 1916 1706 se
1938 1670 2198 1719 operam,
2225 1660 2289 1706 ut
2309 1654 2406 1706 Μει
2425 1654 2503 1706 Τει

294 1725 482 1790 reipsa
491 1725 547 1777 se
558 1725 841 1791 insignem
851 1726 1116 1790 personae
1127 1726 1246 1778 suae
1260 1733 1315 1778 et
1325 1729 1410 1778 rei
1421 1726 1847 1778 Astronomicae
1858 1725 2153 1778 fautorem
2164 1728 2501 1790 comperiat.

296 1796 492 1860 Quem
506 1797 676 1848 suum
690 1796 967 1850 affectum
980 1800 1102 1850 iam
1115 1798 1343 1862 pridem
1358 1804 1535 1850 antea
1549 1804 1916 1862 conceptum,
1935 1800 1998 1849 in
2014 1797 2307 1862 posterum
2324 1799 2503 1849 etiam

293 1871 480 1933 magis
496 1868 794 1933 magisque
808 1868 863 1921 se
880 1869 1316 1921 declaraturum
1335 1869 1738 1934 pollicebatur.
1760 1869 2001 1921 Interim
2015 1868 2167 1921 velle
2183 1869 2256 1930 se,
2277 1875 2342 1921 ut
2356 1869 2501 1921 Leo-

294 1939 458 1991 dium
480 1955 657 1991 curru
676 1940 779 1992 suo
800 1943 1039 2005 proprio
1060 1956 1155 1992 me
1177 1940 1495 1993 conferam.
1520 1941 1780 1993 Omnem
1795 1943 1955 1992 enim
1969 1940 2089 1992 fere
2104 1940 2159 1992 se
2176 1955 2247 1992 eo
2263 1943 2501 1992 comita-

293 2018 420 2062 tum
439 2013 563 2063 una
581 2011 1015 2072 translaturum,
1039 2018 1094 2063 et
1113 2012 1288 2064 rebus
1308 2012 1423 2064 suis
1437 2015 1592 2064 intra
1605 2013 1867 2065 triduum
1880 2014 1944 2063 in
1958 2011 2358 2077 Limburgenfi
2371 2027 2502 2077 pro-

293 2085 521 2147 pinquo
543 2083 782 2135 Ducatu
803 2084 1085 2148 expeditis
1106 2081 1369 2135 actutum
1391 2083 1897 2148 subsequuturum.
1926 2083 1990 2135 Id
2019 2083 2179 2148 quod
2206 2089 2260 2135 et
2285 2081 2504 2136 fadtum

295 2154 385 2206 est.
414 2153 499 2205 Ibi
525 2154 760 2219 lingulis
786 2154 907 2207 fere
935 2154 1140 2207 diebus
1167 2157 1230 2206 in
1258 2155 1579 2208 Cameram
1605 2156 1681 2208 ad
1707 2155 1990 2207 secretum
2018 2155 2148 2206 Rmae
2174 2157 2301 2206 eius
2325 2152 2503 2207 Celnis

295 2225 662 2290 colloquium
682 2242 786 2290 per
806 2226 1033 2291 aliquot
1053 2242 1492 2291 nonnunquam
1518 2230 1773 2292 integras
1799 2226 1980 2279 horas
1999 2232 2243 2278 vocatus
2263 2225 2366 2287 fui,
2393 2225 2501 2277 hu-

294 2298 616 2349 manissime
647 2304 939 2362 exceptus
970 2297 1211 2349 tandem
1241 2301 1420 2350 etiam
1453 2298 1637 2362 (quod
1666 2304 1790 2350 tam
1817 2297 2003 2349 subito
2034 2297 2109 2349 ob
2138 2300 2502 2357 innumeraS,

296 2368 510 2432 quibus
525 2369 727 2434 Leodij
750 2370 1011 2433 quotidie
1029 2369 1458 2434 distringeretur
1473 2372 1907 2433 occupationeS,
1929 2368 2057 2421 fieri
2071 2384 2195 2420 non
2208 2369 2357 2434 posse
2371 2384 2502 2433 pro-

294 2440 411 2491 lixe
427 2439 741 2503 excusavit)
757 2439 1140 2492 liberalissime
1156 2441 1425 2501 dimissus‚
1443 2441 1662 2492 donata
1675 2440 1824 2492 mihi
1839 2455 2023 2492 aurea
2035 2440 2139 2492 sua
2155 2439 2361 2505 effigie,
2380 2441 2505 2492 una

296 2526 431 2562 cum
462 2527 634 2575 equ0,
666 2527 845 2575 quem
874 2517 1111 2563 centum
1141 2518 1195 2563 et
1223 2514 1428 2576 viginti
1459 2512 1776 2564 Coronatis
1806 2527 1843 2563 a
1871 2511 2150 2576 Magistro
2179 2511 2384 2577 Palatij
2417 2511 2504 2563 sui

296 2585 606 2634 coemerat.
635 2582 789 2646 Quae
809 2598 951 2635 vero
979 2583 1109 2634 Rmae
1134 2585 1261 2635 eius
1283 2580 1439 2635 Celni
1461 2583 1531 2635 de
1552 2585 1800 2648 negotijs
1820 2583 1929 2634 Mae
1949 2582 2038 2633 ΤΞΞΒ
2057 2585 2120 2633 in
2145 2581 2364 2647 scriptis
2390 2588 2502 2634 tra-

295 2654 431 2714 didi,
458 2660 512 2705 et
532 2654 701 2706 fimul
721 2660 996 2706 oretenus
1018 2654 1275 2718 exposui,
1302 2654 1533 2706 summa
1553 2670 1690 2706 cum
1708 2653 2010 2718 voluptate
2030 2653 2166 2718 legit
2187 2659 2241 2705 et
2261 2654 2502 2714 audivit,

295 2725 505 2776 Danos
531 2740 656 2776 rem
682 2725 738 2777 se
767 2726 1072 2791 indignam
1097 2728 1161 2777 in
1188 2741 1276 2785 e0,
1308 2726 1468 2790 quod
1495 2726 1636 2777 Mam
1662 2725 1783 2777 Tam
1809 2740 1934 2777 non
1960 2727 2024 2776 in
2050 2740 2122 2777 eo
2154 2724 2261 2788 (uti
2288 2723 2502 2788 decuit)

294 2799 492 2860 precio
519 2796 851 2857 habuerint,
880 2803 1057 2861 atque
1083 2803 1205 2849 tam
1228 2796 1651 2849 inconsiderate
1673 2796 2007 2857 dimiserint,
2028 2795 2124 2848 vel
2142 2798 2338 2860 potius
2359 2798 2503 2848 ami-

294 2867 483 2928 serint,
505 2884 722 2933 magno
743 2868 846 2920 suo
868 2869 1186 2933 opprobrio
1208 2868 1539 2920 commifisse
1559 2867 1876 2932 perhibens
1889 2870 1990 2919 vix
2007 2867 2131 2920 ulla
2152 2873 2324 2919 aetate
2345 2866 2504 2932 apud

296 2939 565 2991 cordatos
593 2946 648 2991 et
673 2940 1061 3005 intelligentes
1090 2939 1463 3004 expiandam.
1496 2940 1565 2991 Et
1591 2939 1784 2991 aiebat
1810 2938 2060 3004 insuper,
2090 2954 2298 2991 eorum
2324 2937 2499 3003 officij

295 3010 450 3062 fuisse
471 3010 672 3075 sponte
693 3011 797 3063 sua
817 3014 982 3062 omni
1004 3018 1222 3063 conatu
1241 3013 1305 3062 in
1324 3010 1439 3062 hoc
1461 3013 1618 3070 eniti,
1641 3026 1760 3074 quo
1780 3017 1835 3062 te
1855 3009 2158 3075 beneficijs
2179 3016 2355 3074 atque
2377 3008 2503 3061 offi-

297 3084 399 3145 cijs
420 3081 737 3133 liberaliter
756 3082 1020 3147 praestitis
1040 3082 1199 3146 apud
1220 3082 1275 3134 se
1297 3084 1359 3133 in
1379 3082 1548 3146 Regis
1569 3088 1624 3133 et
1644 3081 1827 3146 Regni
1850 3081 2144 3133 honorem
2170 3083 2503 3140 retinerent,

295 3158 525 3203 tantum
552 3153 720 3213 abest,
749 3160 813 3205 ut
838 3160 957 3205 tuae
985 3154 1248 3214 abitioni,
1276 3153 1436 3205 velut
1461 3153 1810 3212 inaudierat,
1841 3152 2043 3205 causas
2062 3159 2185 3204 tam
2206 3152 2504 3204 evidentes

297 3230 351 3274 et
374 3224 774 3276 intolerabiles
797 3224 1078 3289 praebere,
1107 3231 1283 3289 atque
1303 3224 1671 3276 voluntatem
1694 3230 1747 3275 et
1768 3224 2066 3276 decretum
2088 3223 2311 3288 Optimi
2335 3223 2503 3288 Regis

297 3294 688 3347 FRIDERICI
718 3296 839 3359 post
864 3295 985 3348 fata
1011 3296 1351 3356 rescindere,
1383 3295 1855 3359 Senatorumque
1883 3297 2153 3346 omnium
2179 3294 2376 3346 literas
2401 3294 2503 3346 tibi

299 3365 493 3429 (prout
514 3373 882 3430 compertum
902 3366 1179 3430 habebat)
1201 3370 1263 3418 in
1284 3366 1633 3418 membrana
1646 3366 1831 3418 statim
1847 3367 1920 3418 ab
1937 3366 2099 3418 obitu
2114 3364 2504 3417 FRIDERICI

2334 3437 2504 3501 Regis

2517 715 2623 758 129¹

2549 819 2571 852 5

2554 1173 2596 1208 10

2555 1530 2597 1565 15

2552 1887 2598 1921 20

2551 2244 2597 2278 25

2552 2955 2599 2990 35

2552 3309 2599 3344 40
