2618 3938
238 281 342 332 426
743 275 1438 329 ANNOTATIONES
1465 275 1935 329 EDITORUM

236 423 336 471 tur,
360 421 542 461 manet
554 418 611 461 36
624 417 698 469 22,
715 417 940 460 elevatio
955 416 1198 459 videlicet
1212 416 1500 470 aequatoris
1514 427 1644 459 vera
1658 416 1711 459 in
1724 416 1899 459 nostra
1913 415 2158 471 regione.¹
2179 415 2441 459 Taddaeus

237 490 365 522 vero
387 478 527 529 dicit,
550 478 585 519 s1
607 476 888 520 declinatio
909 476 1018 519 visa
1040 476 1107 519 ab
1130 476 1401 519 altitudine
1422 476 1513 518 sua
1534 475 1822 527 auferatur,
1845 478 1897 518 et
1915 475 2203 529 aequatoris
2223 487 2352 519 vera
2373 477 2443 518 al·

236 538 404 580 titudo
433 537 759 588 remanserit,
790 537 991 578 nullam
1019 535 1378 590 phaenomeno
1410 535 1603 577 subesse
1635 535 1931 589 parallaxin
1963 534 2146 589 arguit.
2182 534 2282 578 Hic
2313 546 2441 578 vero

238 596 565 640 contrarium
586 598 823 650 apparet,
846 595 1120 649 quomodo
1140 594 1294 649 igitur
1312 595 1416 638 hoc
1439 594 1678 637 excusari
1697 594 1860 647 possit‚
1889 594 1954 636 de
1973 594 2026 636 T.
2049 594 2102 636 E.
2126 594 2442 648 cognoscere

238 667 372 699 aveo
393 656 477 698 vel
504 655 632 698 scire
659 655 933 698 defidero.²
958 655 1064 709 Ego
1086 654 1208 696 sane
1227 654 1297 696 nil
1319 654 1460 696 aliud
1482 653 1675 696 adduci
1696 653 1836 707 posse
1856 653 2109 704 existimo,
2138 653 2228 696 nisi
2251 653 2389 696 forte
2411 658 2440 704 (ζ

237 717 386 758 locus
410 718 619 757 tantum
647 727 679 757 a
705 726 834 758 vero
863 714 1088 765 aberret,
1118 716 1374 768 quantum
1401 712 1661 767 parallaxi
1686 712 1826 755 istius
1851 712 1971 764 loci,
1998 712 2242 756 videlicet
2266 712 2340 762 34,
2367 724 2444 755 re-

238 775 505 829 spondeat,
529 775 671 828 quod
696 774 714 816 l
735 774 821 816 Gr.
837 773 918 816 40¹
940 773 1150 816 circiter
1170 772 1383 815 minutis
1403 783 1511 815 non
1531 772 1628 814 erit
1649 772 1838 815 minus.
1863 771 1995 814 Haec
2018 771 2144 814 data
2165 772 2443 815 occasione

239 834 494 877 scribendi
514 835 579 877 de
599 833 960 888 parallaxibus
980 832 1214 875 indicare
1234 832 1393 884 volui,
1414 831 1467 874 T.
1491 832 1613 874 Exc.
1635 831 1889 874 iudicium
1911 831 1976 873 de
1995 830 2076 873 his
2097 834 2363 886 expetens.

801 965 888 1007 DE
917 962 1191 1007 NUBIUM
1220 962 1577 1005 DISTANTIA
1603 962 1647 1004 A
1667 961 1888 1004 TERRA.
2345 971 2432 1042 SA·

234 1631 439 1708 §qd-0001:
469 1612 496 1659 Ε
602 1674 606 1676 .
688 1681 768 1743 W
792 1684 949 1782 We*
1029 1694 1056 1774 Γ

956 1701 990 1731 ψ

312 1816 488 1859 Locus
503 1815 857 1859 observatoris
873 1815 931 1857 sit
944 1816 1004 1866 A,
1027 1817 1079 1858 et
1099 1815 1571 1866 animadvertatur,
1593 1815 1806 1868 quando
1825 1815 1992 1858 nubes
2011 1815 2187 1869 aliqua
2205 1815 2446 1870 extremi-

238 1878 347 1918 tate
368 1876 458 1918 sua
477 1875 690 1918 verticis
709 1873 904 1929 puncto
924 1874 1215 1927 immineat,
1240 1875 1383 1928 quod
1398 1875 1456 1917 fit
1468 1874 1522 1917 in
1536 1875 1574 1916 B
1587 1874 1695 1931 (ubi
1708 1874 1958 1917 humilius
1972 1873 2229 1932 feruntur)
2242 1876 2326 1918 vel
2340 1875 2393 1918 in
2407 1874 2445 1917 C

237 1934 346 1991 (ubi
367 1934 521 1977 altius
543 1934 871 1989 evehuntur),
899 1937 1110 1977 notetur
1136 1946 1347 1988 quoque
1374 1934 1566 1977 eodem
1592 1937 1868 1977 momento
1894 1934 2151 1977 terminus
2177 1934 2386 1978 umbrae
2414 1947 2445 1977 a

240 1995 277 2036 B
297 1993 563 2048 proiec’tae,
587 1994 730 2048 quod
750 1994 808 2036 fit
827 1993 881 2036 in
901 1994 964 2045 D,
986 1994 1070 2036 vel
1089 1993 1347 2037 terminus
1366 1993 1576 2036 umbrae
1598 2005 1629 2036 a
1651 1993 1704 2046 C,
1727 1994 1870 2047 quod
1891 1994 1949 2036 sit
1967 1994 2020 2036 in
2040 1994 2092 2037 E.

311 2054 427 2096 Iam
441 2054 540 2096 AD
557 2053 795 2096 distantia
810 2065 876 2096 ex
890 2053 1166 2107 hypothesi
1182 2053 1391 2108 cognita
1412 2053 1663 2104 statuitur,
1685 2056 1743 2095 ut
1763 2053 1991 2107 exempli
2011 2054 2130 2096 loco
2151 2053 2238 2096 500
2257 2053 2443 2108 passus,

240 2113 478 2167 cognitus
508 2125 719 2167 quoque
750 2113 970 2167 angulus
997 2113 1159 2164 BDA,
1189 2112 1348 2166 idque
1378 2124 1444 2155 ex
1473 2112 1744 2155 altitudine
1776 2118 1820 2163 Θ
1854 2112 2015 2156 etiam
2046 2113 2241 2167 absque
2268 2113 2446 2157 instru-

240 2175 421 2215 mento
455 2172 665 2227 cognita
695 2171 809 2229 (per
839 2171 1068 2229 tabulas)
1101 2172 1135 2214 fi
1169 2172 1466 2215 observatio
1498 2172 1551 2215 in
1583 2172 1803 2215 meridie
1835 2172 1909 2224 fit,
1944 2173 2095 2223 velfi
2127 2178 2171 2223 Θ
2203 2173 2341 2215 ultra
2360 2173 2445 2215 vel

241 2231 373 2274 citra
398 2231 752 2274 meridianum
779 2231 948 2283 fuerit,
977 2232 1192 2285 quando
1221 2234 1343 2274 ante
1362 2232 1447 2274 vel
1467 2231 1580 2286 post
1600 2231 1819 2275 altitudo
1846 2237 1891 2282 Θ
1918 2231 2178 2286 capienda
2204 2232 2290 2284 est,
2318 2244 2445 2275 nam

241 2291 429 2345 exigua
450 2291 648 2344 aliquot
668 2291 996 2334 minutorum
1017 2290 1314 2334 differentia
1333 2291 1386 2333 in
1408 2290 1679 2334 altitudine
1704 2297 1749 2342 Θ
1776 2292 1979 2334 nullum
2006 2291 2236 2334 sensibile
2262 2291 2447 2346 ingerit

242 2349 535 2392 discrimen.
560 2350 655 2392 His
675 2350 828 2404 igitur
848 2350 999 2402 datis,
1022 2351 1214 2405 angulo
1235 2350 1480 2394 videlicet
1500 2350 1641 2392 BDA
1662 2353 1712 2393 et
1732 2352 1896 2394 latere
1910 2351 2011 2393 AD
2034 2354 2085 2393 et
2105 2351 2296 2405 angulo
2319 2351 2387 2394 ad
2401 2350 2446 2393 A

241 2407 401 2460 recto,
424 2409 579 2451 facile
598 2420 694 2462 per
707 2409 830 2464 Agffl·
852 2410 1135 2463 planorum
1157 2408 1454 2452 dodtrinam
1468 2410 1560 2451 AB
1578 2409 1797 2453 altitudo
1819 2410 2018 2464 patebit
2034 2410 2086 2452 in
2103 2410 2349 2452 mensura
2362 2411 2447 2453 vel

242 2467 478 2521 partibus
499 2468 688 2521 quibus
708 2468 807 2510 AD
829 2469 956 2510 data
977 2468 1085 2510 fuit.
1115 2468 1263 2511 Idem
1285 2469 1350 2511 de
1372 2469 1538 2512 altero
1566 2470 1779 2523 angulo;
1807 2472 1865 2511 ut
1891 2469 2032 2512 enim
2059 2470 2280 2524 angulus
2300 2469 2448 2512 DBA

241 2527 348 2582 (qui
368 2526 438 2569 est
459 2528 913 2581 complementum
935 2527 1110 2582 anguli
1130 2527 1413 2570 altitudinis
1436 2534 1481 2578 Θ
1506 2528 1632 2584 dati)
1653 2528 1721 2570 ad
1740 2528 1857 2580 AD,
1880 2529 1947 2571 sic
1969 2529 2190 2582 angulus
2210 2528 2356 2571 BDA
2378 2528 2447 2571 ad

243 2586 347 2629 BA.
370 2586 569 2629 Eadem
589 2586 723 2629 ratio
744 2586 798 2629 in
817 2586 1076 2642 triangulo
1099 2587 1249 2629 ECA.
1273 2584 1293 2645 ΙΙ

717 2716 1030 2759 EXEMPLA
1057 2716 1624 2760 OBSERVATIONUM
1651 2717 1972 2769 ALIQUOT.
2465 2713 2571 2756 151r

315 2787 562 2838 Quodam
583 2787 667 2831 die
687 2788 867 2831 aestivo
890 2787 1013 2830 anni
1033 2787 1089 2830 95
1109 2788 1246 2830 hora
1270 2787 1323 2830 12
1342 2787 1467 2831 min.
1489 2787 1548 2831 30
1574 2794 1618 2838 Θ
1647 2788 1976 2831 altitudinem
2002 2788 2187 2831 habuit
2205 2788 2263 2832 56
2285 2788 2443 2832 Grad.

244 2846 423 2889 Nubes
453 2847 506 2889 in
531 2847 729 2890 vertice
759 2847 979 2890 existens
1008 2847 1258 2890 umbram
1283 2850 1442 2890 terrae
1467 2847 1689 2902 proiecit
1715 2848 1783 2890 ad
1808 2847 1896 2890 440
1924 2847 2110 2902 passuS.
2139 2848 2255 2891 Alia
2280 2847 2447 2891 nubes

242 2906 295 2947 in
315 2906 513 2949 vertice
534 2907 813 2950 consistens
832 2906 1041 2949 umbrae
1063 2906 1398 2949 extremitate
1425 2906 1591 2962 attigit
1617 2908 1798 2950 locum
1818 2907 1904 2950 900
1924 2907 2150 2961 passibus
2171 2907 2447 2951 distantem

242 2964 486 3020 (positum
515 2965 586 3009 ibi
614 2966 684 3009 est
711 2967 988 3020 templum,
1022 2966 1165 3020 quod
1197 2965 1352 3008 facile
1385 2965 1774 3009 extremitatem
1809 2966 2146 3023 ostendebat).
2184 2973 2228 3017 Θ
2263 2965 2448 3012 habuit

244 3024 572 3067 altitudinem
586 3025 643 3068 33
659 3025 836 3077 Grad.,
860 3025 1081 3068 altitudo
1097 3036 1221 3079 ergo
1235 3025 1389 3068 nubis
1409 3025 1496 3068 700
1516 3025 1739 3069 circiter.
1762 3027 1913 3068 Plura
1934 3027 2179 3080 exempla
2200 3036 2448 3081 aggerere

243 3084 383 3134 nolo,
416 3084 538 3138 quia
566 3085 1019 3138 supervacaneum
1046 3085 1201 3136 duco,
1234 3095 1358 3127 cum
1383 3085 1587 3127 nullum
1614 3085 1679 3128 de
1706 3096 1770 3129 eo
1798 3086 1856 3128 fit
1882 3085 2119 3138 dubium,
2150 3098 2277 3128 nam
2305 3085 2447 3128 idem

245 3142 538 3244 etiargitalijs
559 3144 732 3187 modis
753 3146 1000 3198 expertus
1021 3144 1135 3186 sum
1155 3154 1250 3198 per
1268 3143 1529 3199 triangula
1551 3144 1780 3198 obliqua,
1809 3147 1861 3187 et
1886 3145 2091 3199 semper
2116 3144 2168 3187 in
2193 3144 2337 3187 idem
2363 3155 2447 3187 res

245 3212 354 3244 reci
392 3214 407 3243 1
434 3235 443 3245 .

318 3286 328 3309 ¹
354 3286 401 3319 In
422 3286 628 3331 margine:
653 3286 775 3322 »folio
795 3287 852 3327 79,
873 3286 942 3322 etsi
962 3286 1128 3331 phaeno.
1151 3285 1194 3321 in
1218 3285 1302 3331 ipso
1325 3286 1473 3322 Merid.
1494 3286 1631 3328 altius,
1651 3290 1690 3323 et
1710 3286 1846 3322 alibi«.

316 3345 331 3368 2
354 3344 401 3378 In
423 3344 628 3389 margine:
652 3345 793 3381 »nulla
812 3344 1035 3390 parallaxis
1054 3343 1081 3389 (ζ
1100 3344 1209 3380 iuxta
1229 3345 1340 3381 hanc
1361 3346 1549 3390 regulam
1571 3346 1778 3382 Taddaei«.
