2638 3918
531 312 731 377 QUAE
759 311 1110 366 OCTAVO
1137 312 1394 366 TOMO
1423 314 2070 368 CONTINENTUR
2297 316 2402 369 467

486 2880 561 2933 31)
582 2881 663 2933 Ιο.
687 2881 761 2934 G.
784 2881 1096 2934 Herwarto
1117 2883 1190 2935 ab
1213 2882 1586 2947 Hohenburg
1606 2880 1756 2948 13123
1777 2883 1882 2934 Iul.
1905 2883 2049 2935 1599.
2073 2924 2083 2934 .
2109 2924 2119 2934 .
2144 2923 2155 2934 .
2196 2883 2407 2935 157-158

486 2951 562 3004 ad
584 2952 992 3004 Christianum
1013 2953 1575 3018 Longomontanum
1598 2951 1750 3019 10120
1770 2955 1920 3018 Aug.
1943 2954 2086 3006 1599.
2111 2995 2121 3005 .
2146 2994 2156 3004 .
2196 2953 2406 3006 158-159

487 3024 562 3075 ad
583 3023 664 3075 10.
687 3023 762 3075 G.
784 3023 1163 3076 Herwartum
1183 3024 1258 3077 ab
1279 3024 1653 3090 Hohenburg
1672 3022 1812 3090 21131
1832 3026 1983 3089 Aug.
2006 3025 2155 3077 1599.
2195 3025 2405 3076 159-163

487 3094 564 3146 ad
585 3094 890 3159 Oligerum
910 3094 1436 3148 Rosencrantzium
1456 3096 1525 3147 30
1545 3097 1695 3160 Aug.
1703 3093 1757 3161 19
1778 3096 1929 3160 Sept.
1952 3096 2080 3147 1599
2108 3136 2119 3146 .
2144 3137 2154 3146 .
2195 3095 2406 3148 163-172

487 3166 561 3217 31)
583 3166 664 3217 10.
688 3165 762 3218 G.
784 3165 1097 3218 Herwarto
1118 3167 1191 3218 ab
1213 3167 1586 3231 Hohenburg
1605 3164 1721 3232 7117
1743 3167 1895 3230 Sept.
1917 3167 2045 3218 1599
2074 3208 2084 3218 .
2109 3208 2120 3218 .
2145 3207 2155 3218 .
2195 3167 2405 3219 172-175

488 3237 564 3288 ad
583 3237 889 3288 Andream
909 3236 1202 3288 Velleium
1222 3235 1339 3303 8118
1359 3238 1511 3302 Sept.
1533 3238 1662 3290 1599
1684 3278 2155 3289 ..............
2196 3238 2400 3289 175-181

488 3307 563 3359 ad
585 3307 993 3360 Christianum
1013 3308 1573 3373 Longomontanum
1593 3306 1745 3373 12122
1765 3308 2085 3372 Sept.1599.
2110 3349 2120 3360 .
2145 3349 2155 3359 .
2196 3308 2407 3360 182-184

489 3379 565 3430 ad
584 3378 904 3431 Danielem
925 3379 1279 3431 Cramerum
1299 3378 1451 3445 16126
1472 3380 1623 3444 Sept.
1646 3380 1774 3431 1599
1790 3419 2156 3431 ...........
2196 3380 2406 3431 184-187

2243 399 2336 444 Pag.

196 454 458 519 Epistola
477 455 554 508 ad
575 454 879 520 Oligerum
900 455 1425 508 Rosencrantzium
1445 456 1513 508 23
1534 456 1660 508 Iun.
1683 457 1811 510 1598
1821 498 2151 510 ..........
2238 459 2403 512 74-76

302 555 372 561 —
519 541 556 578 a
576 525 830 578 Nicolao
852 526 1239 592 Hemmingio
1259 527 1328 580 27
1349 527 1477 579 Iun.
1498 528 1626 581 1598
1642 569 2151 582 ...............
2333 532 2402 583 77

304 626 372 631 ——
480 597 557 650 ad
579 597 884 662 Oligerum
905 597 1430 650 Rosencrantzium
1449 599 1519 651 28
1539 599 1667 652 Iun.
1690 600 1817 653 1598
1822 641 2152 653 ..........
2239 602 2403 654 77-79

303 697 373 703 -
520 684 557 721 3
577 668 889 721 Francisco
909 669 1273 734 Tengnaglio
1294 670 1328 721 6
1348 669 1454 722 Iul.
1476 671 1604 723 1598
1609 711 2152 724 ................
2239 672 2402 725 80-83

302 769 372 774 -
481 739 556 792 31)
578 739 831 804 Iosepho
852 739 1147 805 Scaligero
1167 740 1201 792 9
1222 740 1328 792 Iul.
1350 741 1480 793 1598
1501 782 2151 796 ...................
2239 744 2403 797 83-87

305 841 370 845 -
481 811 558 864 ad
579 811 885 876 Oligerum
905 811 1431 863 Rosencrantzium
1450 813 1508 864 10
1527 814 1678 878 Aug.
1700 814 1829 866 1598
1857 855 2152 867 .........
2239 815 2404 868 88-92

302 911 372 916 —
481 883 557 935 ad
577 882 898 934 Nicolaum
920 882 1204 947 Cragium
1223 882 1294 934 20
1312 883 1464 948 Aug.
1486 884 1615 936 1598
1642 925 2151 938 ...............
2215 886 2404 939 92-100

305 983 371 988 —-
481 954 558 1006 ad
577 953 898 1018 Iosephum
918 953 1281 1018 Scaligerum
1301 954 1370 1005 23
1390 955 1541 1020 Aug.
1564 956 1692 1008 1598
1715 996 2152 1009 .............
2193 957 2405 1010 loo-109

302 1054 373 1060 —-
481 1025 557 1077 ad
578 1024 884 1090 Oligerum
905 1025 1433 1078 Rosencrantzium
1452 1027 1485 1079 5
1507 1027 1659 1091 Sept.
1681 1027 1809 1079 1598
1822 1069 2153 1081 ........
2193 1028 2405 1081 109-110

304 1126 370 1130 ——
481 1096 558 1149 ad
579 1096 886 1161 Oligerum
906 1096 1433 1149 Rosencrantzium
1453 1098 1486 1149 9
1507 1098 1659 1162 Sept.
1682 1099 1810 1151 1598
1823 1140 2154 1151 ..........
2194 1100 2404 1152 110-113

303 1197 373 1202 -
481 1167 557 1220 ad
578 1167 885 1233 Oligerum
905 1168 1432 1220 Rosencrantzium
1452 1169 1509 1220 14
1529 1169 1682 1234 Sept.
1704 1170 1833 1222 1598
1858 1211 2152 1223 .........
2193 1171 2404 1223 113-114

303 1268 372 1273 —
481 1239 557 1291 ad
578 1238 885 1304 Oligerum
906 1239 1430 1292 Rosencrantzium
1452 1240 1520 1293 25
1542 1241 1694 1306 Sept.
1716 1242 1844 1294 1598
1858 1283 2153 1294 .........
2194 1242 2405 1294 114-116

303 1340 373 1346 -
520 1326 556 1362 3
577 1310 810 1363 Davide
832 1310 1113 1377 Chytraeo
1133 1312 1167 1363 7
1190 1311 1465 1365 Oct.1598
1470 1353 2154 1365 ....................
2194 1315 2404 1366 116-117

304 1411 374 1416 -
482 1382 556 1434 31)
577 1382 803 1434 Ioanne
826 1382 1087 1447 Georgio
1110 1382 1556 1435 Goedelmanno
1577 1382 1694 1450 2112
1716 1385 1869 1436 Nov.
1892 1385 2047 1437 1598.
2072 1426 2083 1437 .
2108 1427 2118 1436 .
2143 1426 2154 1437 .
2313 1386 2405 1438 118

304 1483 370 1487 ——
481 1453 557 1506 ad
577 1453 1020 1506 Ferdinandum
1040 1454 1273 1505 Ducem
1294 1455 1544 1507 Etruriae
1564 1455 1598 1508 8
1618 1456 1772 1507 Nov.
1792 1456 1920 1508 1598
1931 1497 2154 1508 .......
2195 1457 2406 1509 118-119

303 1554 371 1559 ——
520 1541 558 1577 a
576 1523 883 1577 Thaddaeo
904 1525 1172 1591 Hagecio
1193 1525 1250 1576 21
1272 1526 1426 1578 Nov.
1433 1523 1476 1592 11
1497 1526 1640 1579 Dec.
1662 1527 1792 1579 1598
1823 1568 2153 1579 ..........
2194 1528 2406 1579 119-120

304 1627 371 1630 -—
482 1597 558 1648 ad
578 1596 868 1649 Ioannem
889 1597 1222 1648 Antonium
1243 1597 1559 1662 Maginum
1579 1598 1649 1651 28
1670 1599 1825 1650 Nov.
1847 1599 1975 1651 1598
2001 1640 2154 1651 .....
2195 1599 2405 1652 120-125

304 1698 372 1702 -
482 1668 557 1720 ad
580 1667 886 1733 Oligerum
906 1668 1432 1720 Rosencrantzium
1452 1670 1485 1722 5
1506 1670 1649 1722 Dec.
1671 1670 1800 1723 1598
1822 1711 2153 1722 ..........
2194 1671 2406 1724 125-126

306 1769 372 1774 -
482 1740 558 1791 ad
579 1739 901 1792 Nicolaum
922 1739 1207 1805 Cragium
1226 1741 1258 1792 5
1281 1740 1423 1792 Dec.
1445 1741 1574 1793 1598
1611 1782 2156 1794 ................
2196 1742 2400 1795 127-131

305 1841 371 1846 -
483 1811 558 1863 ad
578 1810 886 1863 Andream
905 1811 1202 1863 VeHeium
1221 1811 1292 1864 30
1311 1811 1454 1864 Dec.
1477 1813 1606 1865 1598
1644 1853 2154 1865 ...............
2194 1813 2405 1865 131-133

304 1911 374 1918 —-
482 1883 559 1935 ad
580 1881 989 1935 Christianum
1009 1883 1572 1948 Longomontanum
1593 1884 1649 1935 31
1670 1884 1812 1936 Dec.
1835 1885 1963 1937 1598
2001 1925 2154 1937 .....
2195 1885 2406 1937 133-134

306 1983 372 1988 —
482 1954 558 2007 ad
580 1953 886 2019 Oligerum
907 1954 1435 2006 Rosencrantzium
1454 1955 1511 2006 31
1531 1955 1674 2008 Dec.
1696 1956 1825 2008 1598
1859 1997 2153 2008 .........
2194 1956 2405 2008 134-135

306 2056 372 2060 -—
483 2026 559 2078 ad
580 2024 990 2078 Christianum
1011 2026 1574 2091 Longomontanum
1594 2028 1638 2079 11
1659 2027 1781 2079 Ian.
1804 2027 1932 2079 1599
1966 2068 2154 2079 ......
2313 2027 2406 2079 136

306 2126 373 2132 —
521 2113 558 2149 a
579 2097 894 2161 Rudolpho
917 2097 1284 2150 Corraducio
1305 2095 1457 2164 17127
1478 2098 1600 2150 Ian.
1622 2099 1750 2151 1599
1788 2139 2154 2150 ...........
2195 2099 2406 2152 136-137

306 2198 373 2203 -
484 2168 558 2221 31)
580 2168 939 2234 Hardewigo
961 2168 1239 2221 Dasselio
1260 2168 1329 2221 28
1349 2169 1472 2222 Ian.
1494 2170 1622 2222 1599
1645 2211 2153 2222 ...............
2194 2170 2399 2223 137-141

306 2270 372 2273 -
483 2239 558 2292 31)
579 2239 805 2292 Ioanne
825 2240 1083 2304 Keplero
1103 2240 1268 2293 Febr.
1290 2241 1419 2294 1599
1429 2281 2153 2294 .....................
2195 2242 2406 2293 141-144

305 2341 376 2346 —
483 2311 559 2364 ad
579 2310 953 2363 Thaddaeum
974 2311 1309 2376 Hagecium
1328 2309 1481 2378 16126
1501 2313 1664 2365 Febr.
1686 2313 1814 2365 1599
1825 2354 2155 2365 ..........
2195 2313 2405 2366 145-147

306 2411 376 2417 —
484 2383 560 2435 ad
580 2383 784 2434 Vitum
802 2382 1250 2435 Winshemium
1269 2383 1303 2435 2
1324 2384 1501 2436 Mart.
1524 2384 1652 2436 1599
1681 2425 2153 2436 ..............
2195 2384 2406 2436 147-148

308 2483 372 2488 -
485 2454 558 2506 31)
581 2454 821 2519 Oligero
842 2454 1300 2506 Rosencrantzio
1321 2455 1354 2507 7
1375 2455 1551 2507 Mart.
1573 2455 1701 2507 1599
1718 2496 2154 2507 .............
2196 2456 2406 2507 148-149

306 2554 377 2559 ——
485 2525 561 2577 ad
582 2525 991 2578 Christianum
1011 2525 1572 2591 Longomontanum
1593 2526 1649 2578 21
1671 2527 1848 2579 Mart.
1870 2527 1998 2581 1599
2003 2567 2157 2579 .....
2197 2527 2400 2579 149-151

307 2625 377 2631 —
485 2597 561 2648 ad
582 2596 903 2661 Iosephum
923 2596 1284 2662 Scaligerum
1308 2598 1365 2650 17
1384 2598 1527 2662 Apr.
1550 2598 1677 2651 1599
1682 2639 2155 2650 ..............
2195 2598 2406 2650 151-153

307 2697 374 2702 -
484 2667 559 2720 31)
580 2668 795 2720 Iacobo
816 2669 1142 2733 Bongarsio
1162 2669 1182 2720 1
1202 2669 1350 2721 Mai.
1371 2670 1500 2721 1599
1505 2710 2156 2721 ...................
2314 2669 2406 2721 153

306 2767 378 2773 -
485 2739 562 2791 ad
584 2739 890 2804 Oligerum
910 2739 1436 2792 Rosencrantzium
1456 2742 1489 2793 7
1512 2741 1658 2792 Mai.
1680 2741 1808 2793 1599
1825 2781 2155 2792 ..........
2196 2740 2407 2792 154-156

307 2839 378 2844 —
524 2825 561 2861 3
581 2810 954 2862 Ferdinando
977 2811 1144 2863 Duce
1167 2812 1564 2864 Etruriae1599
1576 2852 2155 2864 .................
2314 2811 2407 2864 156

347 3471 393 3507 59
