2678 4022
111 1116 152 1150 10

98 1393 156 1436 44

110 1474 151 1508 15

102 2187 148 2221 25

101 2901 147 2934 35

93 3247 151 3290 45

408 316 711 369 TYCHO
738 315 859 367 AD
888 314 1066 367 IOH.
1095 314 1255 367 IAC.
1285 315 1754 368 GRYNAEUM
1782 316 1815 368 8
1844 315 2032 368 OCT.
2062 317 2206 369 1597
2376 318 2408 369 7

207 474 343 510 cum
359 474 483 510 non
502 457 774 517 habeam,
795 457 1117 521 specialiter
1134 457 1209 509 ad
1227 457 1466 522 singula,
1488 474 1623 522 quae
1645 458 2038 519 continebant,
2060 459 2408 523 respondere

205 545 329 582 non
350 530 536 589 datur,
557 543 666 580 nec
687 531 891 580 omnia
910 543 1071 580 nunc
1089 531 1430 580 memoriter
1449 528 1805 581 succurrunt.
1834 530 2116 582 Attamen
2135 530 2245 582 has
2267 546 2408 594 qua-

204 600 518 664 lescunque
538 602 734 664 potius
755 614 937 664 quam
957 599 1152 651 nullas
1173 600 1249 652 ad
1265 606 1320 651 te
1336 600 1476 651 dare
1490 603 1609 651 mei
1624 600 1798 665 officij
1818 602 1920 653 esse
1935 608 2096 653 ratus
2110 601 2253 653 sum.
2276 602 2407 653 Exi-

203 671 368 723 stimo
388 678 443 723 te
463 687 587 723 non
607 673 896 736 ignorare,
923 686 1018 722 me
1046 678 1182 722 ante
1209 670 1437 735 aliquot
1455 671 1682 722 menses
1703 671 1904 723 Dania
1925 674 2211 733 excessisse,
2238 672 2407 737 fiqui·

204 743 339 795 dem
365 758 569 794 rumor
595 745 660 803 iS,
688 745 773 794 uti
800 742 1018 803 rescivi,
1046 743 1164 794 late
1190 758 1294 806 per
1316 742 1708 794 Germaniam
1727 743 1951 807 sparsus
1973 744 2063 796 est.
2092 744 2246 808 Quae
2266 761 2408 796 vero

203 816 462 866 rationes
487 829 583 866 me
609 814 871 866 Patrium
896 813 1086 865 solum
1111 821 1336 865 vertere
1365 816 1428 865 in
1457 813 1569 866 hac
1596 816 2108 880 quinquagenaria
2133 822 2321 876 aetate,
2354 822 2410 867 et

201 891 386 938 totam
405 885 696 938 familiam
716 887 779 936 in
799 884 1194 937 Germaniam
1212 884 1522 936 transferre
1543 885 1950 949 compulerint,
1977 886 2176 951 plures
2203 893 2258 939 et
2282 903 2407 952 gra-

201 959 394 1008 viores
420 956 601 1017 fuere,
630 971 812 1020 quam
838 955 1104 1008 calamus
1130 955 1346 1008 referre
1372 956 1656 1008 sustineat.
1685 957 1766 1009 Ut
1790 963 1991 1009 tamen
2015 958 2086 1010 de
2111 958 2408 1023 aliquibus

202 1043 411 1080 eorum
438 1027 700 1080 conscius
727 1027 1005 1087 reddariS,
1033 1027 1106 1078 fic
1132 1027 1308 1079 habe:
1336 1027 1461 1079 Post
1486 1030 1835 1080 innovatam
1859 1029 2019 1093 Reip.
2041 1029 2250 1082 nostrae
2271 1046 2406 1082 con-

200 1098 554 1151 stitutionem
575 1105 769 1151 creato
796 1098 910 1150 hoc
936 1114 1095 1150 novo
1117 1099 1286 1164 Rege,
1315 1099 1434 1150 duo
1455 1099 1749 1165 Dynastae,
1777 1102 1879 1164 qui
1900 1103 2104 1152 omnia
2129 1117 2236 1166 pro
2258 1102 2407 1154 arbi-

200 1173 312 1222 trio
332 1170 630 1222 moderari
654 1170 1033 1235 praesumunt,
1061 1170 1176 1222 five
1197 1169 1273 1222 ob
1295 1186 1502 1222 earum
1523 1186 1672 1235 quas
1692 1170 1772 1222 ibi
1792 1169 2050 1232 tractavi,
2078 1175 2295 1224 artium
2320 1175 2406 1224 in-

199 1241 436 1302 scitiam,
464 1241 578 1293 five
600 1248 805 1294 contra
823 1257 920 1294 me
941 1242 1146 1293 odium
1168 1248 1223 1293 et
1242 1242 1741 1302 malevolentiam,
1769 1249 1872 1294 aut
1892 1250 2043 1295 certe
2063 1251 2314 1308 utraque
2335 1245 2406 1296 de

200 1314 389 1366 caussa
403 1312 738 1374 effecerunt,
759 1319 824 1365 ut
841 1329 966 1365 non
979 1313 1181 1365 saltem
1195 1313 1453 1378 subfidijs
1468 1329 1504 1365 a
1517 1313 1918 1365 laudatissimae
1932 1317 2238 1367 memoriae
2254 1316 2406 1380 Rege

199 1385 244 1436 F
246 1384 622 1437 RIDERICO
643 1385 897 1437 secundo
911 1387 975 1436 in
988 1384 1379 1436 Astronomiae
1393 1384 1554 1436 isthic
1567 1384 1872 1437 liberalem
1886 1381 1907 1453 ΙΙ
1920 1389 2408 1451 propagationem

200 1456 492 1520 deputatis
513 1463 568 1508 et
587 1456 783 1521 postea
798 1472 834 1508 a
849 1455 1071 1508 Senatu
1089 1456 1271 1521 Regni
1293 1455 1654 1508 confirmatis
1674 1459 1953 1521 privarer,
1973 1457 2070 1509 sed
2091 1464 2147 1509 et
2165 1457 2407 1510 ulterior

198 1527 379 1579 huius
406 1530 660 1593 exercitij
690 1527 1020 1579 sustentatio
1046 1527 1224 1591 plane
1251 1528 1654 1593 denegaretur.
1687 1527 2063 1593 Quapropter
2088 1531 2152 1580 in
2178 1536 2407 1582 exteras

197 1602 394 1663 potius
423 1599 711 1664 Regiones
739 1598 1131 1651 Astronomiae
1163 1599 1631 1664 redintegrandae
1664 1600 2004 1652 universum
2036 1607 2404 1665 apparatum,

198 1669 474 1723 derelidta
499 1670 709 1730 Insula,
739 1673 803 1722 in
832 1672 952 1735 qua
980 1670 1238 1722 eundem
1266 1674 1430 1735 prius
1458 1670 1698 1723 molitus
1729 1687 1909 1732 eram,
1939 1671 2406 1724 transferendum

197 1741 374 1794 satius
395 1742 553 1802 duxi,
579 1757 762 1806 quam
781 1748 845 1793 ut
863 1748 947 1793 tot
966 1742 1286 1794 Annorum
1306 1757 1342 1793 a
1362 1758 1458 1794 me
1480 1742 1761 1794 exantlati
1781 1742 2029 1804 laboreS,
2056 1750 2258 1808 totque
2280 1760 2404 1796 ero-

198 1816 315 1878 gati
343 1813 605 1877 sumptus
634 1814 911 1865 incassum
940 1812 1184 1874 abirent,
1215 1820 1392 1878 atque
1420 1829 1527 1879 ego
1553 1814 1949 1878 plurimorum
1978 1815 2405 1867 Excellentium

198 1891 254 1936 et
280 1884 803 1936 Eruditissimorum
832 1884 971 1937 hinc
1000 1885 1138 1936 inde
1164 1888 1429 1937 virorum
1457 1900 1562 1949 per
1587 1888 1783 1937 varias
1813 1886 2068 1950 Europae
2099 1887 2402 1952 RegioneS‚

198 1956 300 2008 diu
320 1956 392 2008 de
412 1971 508 2008 me
530 1962 876 2020 conceptam
895 1956 1054 2020 spem
1075 1959 1228 2009 circa
1247 1956 1402 2008 hanc
1421 1955 1730 2008 sublimem
1744 1957 1951 2009 Artem
1964 1957 2404 2010 instaurandam

197 2028 535 2080 indecenter
569 2027 884 2080 frustrarer.
921 2028 1290 2079 Accesserunt
1325 2034 1379 2080 et
1414 2027 1550 2079 aliae
1585 2043 1710 2080 non
1740 2043 1949 2092 paucae
1978 2028 2401 2090 tribulationeS‚

197 2099 412 2163 quibus
445 2100 670 2151 abitum
700 2115 904 2151 meum
937 2114 1009 2151 eo
1043 2101 1211 2151 citius
1242 2106 1683 2164 promoverunt,
1717 2099 1868 2152 adeo
1900 2106 1964 2152 ut
1992 2115 2068 2152 ne
2098 2100 2338 2165 quidem
2367 2117 2405 2153 a

197 2170 464 2222 Parocho
484 2186 620 2222 meo
641 2173 704 2223 in
723 2174 842 2222 mei
862 2171 1287 2223 contumeliam
1307 2177 1362 2222 et
1382 2169 1712 2235 despectum
1731 2171 2133 2236 persequendo
2154 2171 2401 2224 abstinu-

198 2244 363 2303 erint,
386 2242 546 2307 quod
566 2245 615 2294 is
636 2242 1037 2294 detestandum
1058 2248 1113 2294 et
1131 2245 1383 2307 impium
1402 2242 1571 2294 istum
1588 2242 1991 2295 Exorcismum
2006 2245 2069 2294 in
2083 2243 2401 2309 Paedobap-

195 2313 363 2365 tismo
389 2329 486 2365 me
513 2313 742 2365 conscio
770 2313 1039 2366 omiserit.
1067 2313 1326 2378 Ideoque
1354 2313 1551 2365 officio
1578 2316 1875 2378 privatum
1903 2321 1957 2366 et
1982 2330 2086 2379 per
2111 2317 2403 2380 integrum

195 2385 456 2437 mensem
477 2388 620 2437 citra
639 2385 822 2437 latam
841 2384 1188 2437 sententiam
1208 2388 1653 2445 incarceratum,
1681 2401 1894 2450 parum
1914 2385 2115 2448 abfuit,
2137 2388 2282 2451 quin
2303 2390 2400 2439 eti-

197 2471 295 2508 am
319 2459 507 2521 capite
533 2455 864 2522 plecterent,
893 2456 998 2508 nifi
1025 2472 1131 2522 ego
1153 2473 1290 2509 cum
1308 2459 1456 2508 meis
1476 2457 1702 2509 Amicis
1722 2457 1881 2522 apud
1902 2457 2199 2522 reliquum
2219 2458 2402 2523 Regni

197 2527 482 2580 Senatum
501 2534 727 2580 tantam
745 2528 1029 2580 saevitiam
1050 2529 1385 2580 avertissem.
1409 2528 1573 2591 Quin
1591 2535 1646 2580 et
1663 2528 1920 2581 Rusticos
1939 2536 2062 2581 tam
2082 2535 2286 2582 contra
2304 2545 2401 2581 me

196 2615 379 2663 quam
399 2599 656 2651 eundem
676 2599 1011 2652 Parochum
1031 2615 1234 2651 meum
1255 2599 1611 2652 clancularie
1633 2603 1913 2652 excitatos
1932 2607 2163 2652 tantum
2183 2600 2399 2661 aberat,

195 2676 260 2722 ut
284 2670 606 2723 secundum
631 2671 787 2736 leges
816 2671 1012 2735 (prout
1038 2670 1342 2736 urgebam)
1372 2687 1580 2723 eorum
1607 2671 1879 2724 iniustam
1904 2671 2214 2736 perfidiam
2238 2679 2292 2724 et
2314 2688 2399 2724 re-

194 2741 514 2794 bellionem
534 2741 852 2794 refraenare
872 2742 1184 2803 voluerint,
1212 2748 1276 2794 ut
1300 2745 1496 2807 potius
1516 2742 1733 2794 horum
1753 2745 2048 2795 immerita
2068 2743 2400 2796 defensione

194 2812 451 2877 suscepta
476 2816 539 2865 in
564 2813 792 2865 malitia
817 2813 950 2865 illos
977 2813 1397 2866 confirmarint.
1426 2815 1548 2879 Ego
1575 2821 1775 2866 autem
1802 2815 2136 2867 Parochum
2161 2816 2401 2867 tandem

197 2899 270 2935 ex
295 2884 409 2936 istis
435 2883 850 2938 afflictionibus
876 2885 1188 2937 liberatum
1208 2888 1271 2936 in
1293 2885 1684 2937 Germaniam
1711 2901 1945 2937 mecum
1972 2889 2181 2950 recepi,
2208 2886 2399 2951 licque

195 2971 305 3007 nos
320 2971 357 3007 a
369 2962 452 3007 tot
466 2958 697 3021 iniurijs
712 2963 767 3008 et
780 2956 1055 3021 molestijs
1068 2957 1380 3008 vindicavi.
1403 2957 1598 3008 Manfi
1613 2963 1812 3008 autem
1829 2960 2088 3021 primum
2103 2973 2238 3009 cum
2251 2961 2399 3009 meis

197 3026 482 3092 Rostochij
504 3042 609 3091 per
628 3028 793 3079 Anni
814 3027 1238 3090 Quadrantem,
1260 3028 1437 3092 idque
1459 3031 1628 3080 certis
1649 3028 1720 3079 de
1742 3029 1957 3087 caussis,
1985 3029 2303 3093 praesertim
2323 3045 2398 3080 ne

195 3113 570 3162 praepropere
591 3099 733 3163 quid
752 3098 934 3150 fecisse
954 3100 1200 3159 viderer,
1226 3106 1281 3151 et
1304 3099 1650 3151 nostratibus
1672 3114 1797 3150 rem
1817 3100 2162 3163 prudentius
2184 3115 2396 3164 expen-

195 3169 372 3220 dendi
398 3176 630 3234 tempus
655 3185 779 3221 non
803 3170 1102 3234 reliquisse.
1131 3170 1273 3222 Inde
1294 3186 1435 3222 vero
1457 3186 1493 3222 a
1512 3168 1791 3234 praedidto
1812 3170 2078 3223 Domino
2099 3171 2396 3223 RANZO·

194 3240 349 3300 VIO,
373 3239 573 3292 Affine
589 3247 644 3292 et
657 3242 870 3293 Amico
890 3257 1026 3293 meo
1046 3241 1337 3306 singulari,
1357 3244 1486 3293 viro
1508 3244 1671 3293 omni
1691 3241 1867 3293 laude
1886 3237 1906 3309 ΙΙ
1925 3242 2259 3306 dignissim0‚
2281 3241 2397 3293 huc

194 3313 257 3362 in
274 3311 607 3363 Holsatiam
625 3312 699 3363 ob
718 3311 880 3363 luem
895 3312 1298 3376 Epidemicam
1319 3313 1398 3364 ibi
1418 3313 1758 3377 grassantem
1779 3319 2073 3372 evocatuS,
2096 3314 2397 3377 quandam

195 3398 267 3433 ex
281 3382 532 3434 Arcibus
554 3385 681 3435 eius
700 3383 911 3434 semisse
926 3383 1127 3435 saltem
1141 3384 1409 3435 milliaris
1424 3383 1776 3448 Hamburgo
1791 3384 2094 3435 distantem
2107 3385 2395 3506 vgandes-

2186 3469 2395 3519 urgum
