2678 4022
318 286 385 338 64
851 283 1290 336 EPISTOLAE
1315 284 1985 338 ASTRONOMICAE

317 427 487 479 avide
504 426 765 491 Elegiam
784 425 949 477 illam
968 425 1225 490 perlegit,
1246 426 1396 478 adeo
1410 433 1474 479 ut
1489 429 1711 479 circiter
1730 426 1943 479 horam
1957 431 2019 479 in
2035 443 2106 479 ea
2118 428 2517 492 perspicienda

317 497 706 562 absumpserit,
726 496 1032 561 statimque
1050 496 1291 561 sepofito
1307 497 1483 549 Libro
1499 501 1708 550 tacitus
1725 498 1970 551 discessit.
1993 499 2170 562 Quod
2186 498 2286 551 ubi
2303 498 2515 564 [RAN-
2565 505 2594 548 ·1-

316 567 626 632 ZOVIUS]
659 583 696 619 a
723 567 995 619 ministris
1022 570 1295 633 percepit,
1324 568 1496 621 valde
1525 568 1843 622 succensuit
1870 573 2085 635 pueris,
2116 571 2275 635 quod
2300 570 2517 623 librum

316 640 484 691 illum
510 655 634 690 non
659 639 1012 699 amovissent,
1039 638 1125 690 illi
1151 646 1353 691 autem
1377 655 1482 704 per
1507 643 1902 705 ignorantiam
1927 641 1983 693 se
2011 641 2374 693 excusarunt.
2403 642 2516 694 Sed

319 709 482 775 [Rex]
505 709 739 762 nullum
757 709 1005 762 verbum
1031 710 1103 762 de
1132 710 1246 763 hoc
1272 711 1348 763 ad
1376 710 1912 776 [RANZOVIUM]
1941 712 2151 772 retulit,
2178 728 2372 777 neque
2397 715 2516 764 mei
2566 731 2588 764 5

315 782 500 833 ullam
528 781 661 832 fecit
688 783 1054 833 mentionem
1081 787 1205 834 toto
1233 781 1337 834 illo
1366 790 1629 847 tempore
1659 782 1803 834 dum
1828 782 2230 835 Haderslebiae
2261 784 2402 844 esset,
2432 787 2517 836 uti

314 868 507 916 neque
523 851 948 917 Bredenbergae
964 868 1099 904 cum
1113 855 1176 904 in
1189 855 1406 919 vicinia
1420 868 1458 905 a
1471 853 1887 906 RANZOVIO
1907 853 2204 919 splendide
2226 858 2516 919 excipere-

314 931 428 983 tur;
451 923 610 988 quod
632 923 894 975 consulto
914 922 1133 976 factum
1154 925 1257 976 esse
1278 923 1690 977 existimamus
1720 925 1842 990 Ego
1862 941 2004 976 vero
2025 924 2127 976 ubi
2146 925 2364 986 rescivi,
2389 924 2516 990 [Re-

313 993 466 1059 gem]
490 993 754 1059 Elegiam
773 994 939 1047 illam
952 1000 1074 1047 tam
1087 994 1330 1047 studiose
1346 995 1627 1056 evolvisse‚
1648 995 1797 1047 mihi
1810 996 2027 1060 volupe
2044 1002 2167 1048 erat
2182 998 2263 1048 ita
2279 995 2514 1050 factum.

314 1066 559 1118 Utinam
588 1065 790 1118 saltem
819 1068 1023 1118 omnia
1048 1068 1111 1118 in
1138 1081 1208 1118 ea
1238 1067 1314 1119 ad
1343 1082 1604 1132 unguem
1633 1067 2003 1119 intellexisset.
2034 1068 2105 1119 Et
2134 1068 2421 1132 optassem,
2452 1075 2516 1120 ut
2570 1085 2611 1119 ιο

314 1153 553 1189 carmen
573 1137 962 1198 SOMMERI,
990 1140 1093 1201 qui
1117 1137 1214 1190 hic
1240 1137 1543 1190 nobiscum
1563 1138 1782 1199 aderat,
1809 1140 1933 1191 una
1958 1137 2301 1191 adiunctum
2320 1138 2515 1199 fuisset,

314 1208 472 1272 quod
492 1211 541 1260 is
562 1208 809 1260 domum
834 1208 1097 1261 reversus
1122 1208 1271 1261 mihi
1296 1209 1460 1269 mifit,
1487 1212 1550 1261 in
1577 1225 1696 1274 quo
1722 1225 1930 1261 manes
1954 1212 2103 1275 regis
2124 1210 2516 1263 FRIDERICI

313 1280 523 1331 Danos
552 1279 921 1344 alloquentes
951 1280 1143 1344 deque
1171 1296 1308 1332 meo
1337 1280 1500 1333 abitu
1526 1297 1662 1333 cum
1689 1283 1760 1346 ijs
1787 1281 1948 1346 quafi
1975 1280 2403 1345 expostulantes
2430 1284 2516 1333 in-

311 1351 577 1410 troducit,
602 1354 770 1403 cuius
791 1354 969 1403 etiam
987 1350 1086 1403 hic
1106 1351 1446 1417 exemplum
1465 1352 1740 1417 adiung0,
1763 1358 1817 1404 et
1835 1359 1956 1404 tuae
1977 1351 2236 1404 censurae
2256 1352 2515 1418 subijci0.

313 1422 374 1474 Si
395 1429 449 1474 et
468 1422 553 1474 illi
572 1422 687 1474 five
707 1438 812 1487 per
824 1429 879 1474 te
894 1422 1008 1474 five
1023 1422 1209 1475 alium
1224 1426 1566 1487 quempiam
1580 1423 1928 1488 respondere
1942 1423 2243 1488 placuerit,
2265 1423 2515 1476 liberum
2569 1440 2611 1475 15

314 1496 435 1545 erit.
450 1493 695 1546 Videtur
713 1496 780 1554 is,
800 1493 993 1545 nescio
1015 1509 1134 1558 quo
1154 1493 1352 1546 furore
1367 1494 1600 1546 Poctico
1619 1497 1889 1559 percituS,
1910 1497 2216 1546 veritatem
2235 1497 2298 1546 in
2316 1495 2516 1547 multis

311 1565 491 1616 libere
513 1565 876 1617 ebuccinare.
899 1565 968 1617 Et
987 1580 1095 1629 pro
1115 1565 1218 1617 tali
1238 1564 1487 1617 authore
1510 1566 1771 1618 Carmen
1791 1581 1915 1617 non
1936 1565 2010 1617 est
2030 1565 2347 1631 inelegans,
2370 1565 2514 1619 Sub-

311 1639 479 1687 iunxi
493 1636 727 1700 insuper
741 1636 939 1688 denuo
953 1636 1208 1688 nostram
1222 1636 1486 1701 Elegiam
1500 1637 1575 1689 ad
1590 1636 1863 1697 Patriam,
1884 1644 1949 1689 ut
1965 1637 2188 1689 habeas
2203 1636 2515 1690 correctius

313 1723 495 1771 quam
521 1714 696 1759 antea
723 1707 1077 1771 exemplum.
1105 1707 1195 1759 Est
1222 1710 1382 1759 enim
1408 1707 1690 1760 distichon
1716 1708 2018 1772 quoddam
2044 1708 2326 1769 additum,
2355 1709 2514 1773 quod

311 1781 473 1843 prius
493 1778 696 1843 aliqua
714 1780 944 1830 incuria
963 1779 1228 1830 omissum
1249 1785 1388 1839 erat,
1416 1794 1552 1831 cum
1571 1795 1609 1831 a
1631 1777 1826 1844 [Rege]
1848 1785 1971 1831 tam
1991 1779 2295 1844 diligenter
2320 1780 2511 1844 perlu-
2563 1796 2609 1830 20

311 1850 547 1902 stratum
561 1856 773 1914 praeter
785 1865 1015 1901 morem
1028 1852 1091 1902 in
1103 1849 1335 1911 talibuS,
1351 1856 1406 1902 et
1417 1845 1438 1918 ΙΙ
1449 1850 1522 1903 lic
1537 1849 1795 1902 eiusdem
1808 1850 2033 1903 filentio
2048 1850 2209 1915 quafi
2223 1850 2513 1903 authenti·
2557 1859 2609 1902 6¹

312 1936 447 1973 cum
467 1921 759 1973 redditum
777 1921 857 1973 fit.

382 1992 756 2045 Astronomia
769 1991 962 2044 nostra
975 1991 1333 2045 Mechanica
1345 1995 1467 2044 iam
1480 1995 1631 2058 typis
1646 1992 1909 2045 absoluta
1925 1993 2015 2054 est,
2032 1995 2199 2045 cuius
2214 1993 2515 2058 exemplar

311 2064 469 2115 dono
484 2066 651 2115 mitto
666 2063 880 2116 secreto
895 2063 1255 2124 habendum,
1278 2070 1333 2116 et
1346 2063 1496 2116 nulli
1511 2065 2091 2126 communicandum,
2112 2064 2218 2116 nili
2231 2064 2378 2117 forte
2393 2065 2513 2117 SO-

310 2135 526 2186 PHIAE
555 2135 762 2187 nostrae
791 2138 1041 2199 utrique,
1071 2135 1112 2187 fi
1139 2135 1441 2199 placuerit,
1470 2138 1640 2188 tacite
1671 2135 2108 2188 ostendendum.
2139 2136 2358 2188 Addita
2385 2136 2515 2188 sunt
2563 2153 2609 2187 25

309 2206 568 2270 paucula
594 2206 871 2271 quaedam
897 2206 973 2259 ad
998 2213 1168 2258 tuum
1189 2222 1445 2267 carmen,
1472 2213 1536 2259 ut
1556 2207 1947 2271 compleretur
1972 2210 2204 2272 pagina,
2231 2207 2515 2260 sententia

309 2284 510 2329 tamen
538 2284 817 2334 manente
843 2284 908 2329 ut
933 2280 1111 2342 prius,
1139 2277 1378 2330 Videbis
1404 2280 1466 2330 in
1492 2277 1611 2330 fine
1638 2278 2053 2331 RUDOLPHI
2081 2278 2256 2339 illius,
2287 2281 2389 2343 qui
2417 2294 2513 2330 me

310 2348 407 2400 hic
433 2348 678 2400 invisere
698 2348 855 2409 solet,
883 2349 1062 2401 odam
1082 2348 1498 2409 Horatianam,
1526 2365 1679 2414 quae,
1707 2349 1813 2401 nifi
1838 2352 2076 2402 animus
2100 2349 2384 2410 mefallit,
2411 2350 2514 2402 tibi

310 2435 434 2471 non
460 2419 791 2484 displicebit.
821 2419 1161 2472 AEmulatur
1185 2420 1428 2472 Poetam
1457 2420 1626 2472 illum
1651 2420 2171 2486 Wittebergensem
2196 2421 2256 2472 F.
2277 2420 2512 2473 TAUB-

311 2491 715 2552 MANNUM,
744 2493 847 2556 qui
873 2493 1052 2543 etiam
1078 2491 1355 2556 quaedam
1381 2491 1453 2543 de
1478 2506 1615 2543 meo
1635 2492 1799 2543 abitu
1818 2508 1977 2543 nunc
1998 2495 2354 2544 concinnare
2375 2492 2512 2544 dici·
2562 2508 2608 2542 30

309 2568 419 2622 tur,
447 2563 571 2613 una
596 2577 731 2613 cum
756 2561 1065 2627 plaerisque
1091 2562 1223 2627 alijs
1248 2562 1387 2614 hinc
1413 2562 1551 2615 inde
1571 2563 1779 2624 PoetiS,
1807 2578 1944 2627 quae
1970 2562 2072 2615 ubi
2098 2562 2303 2615 nactus
2326 2563 2512 2624 suem,

309 2633 412 2685 tibi
425 2635 741 2697 impertiar.
757 2633 1023 2685 Habebis
1038 2636 1216 2686 etiam
1231 2649 1366 2686 cum
1379 2633 1493 2686 hoc
1508 2634 1718 2686 eodem
1731 2637 1951 2686 nuncio
1964 2633 2278 2686 Stellarum
2290 2633 2513 2687 octavae

310 2703 554 2768 sphaerae
584 2704 1018 2766 restitutionem,
1049 2707 1226 2757 etiam
1257 2704 1478 2758 Caesari
1507 2705 1852 2764 dedicatam.
1884 2705 1979 2757 sed
2007 2705 2210 2757 saltem
2239 2708 2302 2756 in
2329 2721 2511 2757 mem-

309 2775 498 2827 brana
524 2775 997 2841 manuscriptam.
1029 2775 1193 2839 Quin
1219 2782 1274 2828 et
1297 2779 1534 2828 tertium
1560 2777 1859 2841 quendam
1889 2776 2146 2829 eiusdem
2172 2779 2513 2841 quantitatis

312 2853 366 2898 et
384 2846 592 2898 formae
612 2847 829 2899 librum
843 2847 919 2899 ad
934 2847 1231 2900 Caesarem
1251 2847 1496 2908 adorno,
1519 2850 1620 2912 qui
1642 2850 1701 2908 Θ
1724 2854 1778 2899 et
1799 2849 1839 2909 (ζ
1862 2853 2057 2899 motus
2071 2847 2232 2899 velut
2245 2850 2309 2899 in
2323 2847 2511 2912 Ephe·
2561 2863 2607 2899 35

310 2918 532 2969 meride
559 2918 635 2970 ad
661 2919 889 2983 aliquot
914 2918 1219 2983 sequentes
1245 2934 1454 2980 annOS,
1482 2925 1771 2983 quotquot
1796 2925 2026 2971 mature
2054 2918 2351 2971 absolvere
2371 2919 2511 2971 licu-

312 2991 432 3048 erit,
460 2989 795 3050 continebit,
822 2989 1083 3054 appolita
1102 2990 1178 3042 ad
1197 2989 1452 3055 fingulos
1472 2991 1596 3042 dies
1616 2989 1945 3042 differentia
1964 2989 2262 3054 utriusque
2283 2989 2510 3050 calculi,
2560 2993 2588 3036 ’ἓ

310 3060 662 3124 Alphonfini
677 3067 732 3112 et
747 3060 1113 3125 Copernicei‚
1136 3076 1271 3126 quae
1290 3061 1533 3113 subinde
1552 3063 1745 3112 maior
1762 3060 1837 3113 est
1857 3076 2039 3125 quam
2058 3068 2312 3126 putatur,
2334 3063 2512 3113 etiam

311 3131 522 3182 additis
542 3131 890 3195 quibusdam
910 3132 1057 3197 alijs,
1079 3131 1197 3184 huc
1216 3134 1451 3197 proprie
1466 3138 1522 3184 et
1535 3132 1751 3184 utiliter
1769 3131 2133 3193 facientibuS,
2156 3148 2275 3197 quo
2296 3131 2511 3184 habeat

311 3201 635 3266 Imperator
649 3202 960 3267 Specimen
974 3202 1276 3267 quoddam
1289 3206 1352 3255 in
1365 3203 1654 3256 ambobus
1666 3202 2058 3255 luminaribus
2075 3203 2282 3255 nostrae
2301 3202 2510 3270 instau-
2559 3219 2607 3254 40

311 3275 555 3324 rationis
575 3273 1016 3334 Astronomicae,
1038 3274 1225 3326 donec
1247 3289 1334 3335 ea,
1356 3290 1491 3339 quae
1511 3276 1727 3339 pariter
1746 3277 1809 3326 in
1830 3277 2092 3339 quinque
2112 3274 2367 3326 Planetis
2387 3289 2511 3325 mo-

311 3343 438 3405 lior,
468 3347 701 3408 penitus
727 3344 1119 3406 absolvantur,
1150 3361 1270 3410 qua
1294 3347 1357 3398 in
1382 3351 1546 3410 parte
1573 3360 1733 3397 nunc
1757 3344 1985 3397 strenue
2014 3345 2242 3406 laboro;
2274 3351 2328 3397 et
2354 3359 2510 3468 60311-

2294 3430 2411 3480 pen
2452 3431 2511 3468 ia
