2652 4022
257 295 360 345 242
791 289 1229 342 EPISTOLAE
1255 289 1926 342 ASTRONOMICAE

258 433 306 477 [Ε
334 430 742 523 codit<:e3Flolreln;)i]no
771 430 873 466 Bibl.
901 434 983 466 nat.
1010 431 1054 465 in
1082 430 1277 467 codicum
1299 429 1634 466 Galileianorum
1660 432 1774 465 tomo
1800 430 1846 465 27
1874 430 2151 471 (Accademia
2172 430 2240 465 del
2262 428 2458 466 cimento
2509 430 2536 472 ἦ·

352 491 452 526 par.
515 490 593 515 vo.

259 554 1009 629 SERENISSIMO
1060 554 1211 627 AC
1267 552 2112 627 POTENTISSIMO
2168 552 2458 625 PRIN-
2503 576 2559 619 ov

381 659 532 710 CIPI
558 658 669 710 AC
696 658 1052 718 DOMINO,
1081 657 1418 710 DOMINO
1446 656 1999 716 FERDINANDO,
2027 655 2338 708 MAGNO

485 740 932 801 HETRURIAE,
960 739 1448 800 FLORENTIAE,
1484 739 1877 792 SENORUM
1904 738 2015 791 AC
2041 737 2233 790 PISA-
2510 757 2531 789 5

619 824 796 876 RUM
825 823 1042 883 DUCI,
1071 823 1407 876 DOMINO
1436 823 1592 876 SUO
1622 820 2098 875 CLEMENTIS—

821 906 1017 959 SIMO
1046 906 1161 958 AD
1189 906 1482 959 MANUS
1508 905 1897 971 PROPRIAS.

636 1019 638 1023 ’
733 1001 1203 1054 ERENISSIME
1231 1008 1285 1053 et
1311 1002 1694 1054 Potentissime
1721 1001 2013 1065 PrincepS‚
2042 1000 2303 1051 Domine
2327 999 2458 1052 Cle·
2505 1011 2556 1052 5r

306 1043 343 1119 f
381 1040 412 1150 *Q
441 1060 444 1067 ²
481 1126 494 1143 Υ
512 1062 602 1143 '24:33
622 1057 674 1125 (ξ,
731 1074 1088 1125 mentissime.
1112 1072 1290 1136 Quod
1306 1073 1669 1125 Serenissima
1684 1072 1980 1124 Celfitudo
1994 1070 2127 1123 Tua
2146 1070 2310 1131 mihi,
2330 1070 2463 1122 licet

421 1161 482 1201 *χ
586 1156 626 1213 Qf:
732 1144 804 1196 de
831 1144 979 1196 facie
1006 1146 1206 1209 ignoto
1235 1151 1288 1196 et
1314 1151 1436 1196 tam
1462 1144 1636 1209 longe
1663 1144 1857 1203 dissit0,
1886 1143 2036 1194 adeo
2065 1142 2380 1194 clementer
2406 1149 2461 1194 et
2515 1159 2558 1193 10

523 1253 526 1264 2
689 1269 692 1271 ,
730 1215 1018 1268 benevole
1035 1215 1316 1280 superiori
1335 1215 1527 1267 aestate
1545 1215 1789 1267 scribere
1807 1230 1931 1266 non
1945 1214 2258 1278 dedignata
2271 1212 2460 1272 fuerit,

287 1280 381 1361 's
426 1295 553 1329 m»
612 1294 653 1365 ,ς’
732 1286 1069 1339 humillima
1090 1294 1144 1338 et
1165 1286 1665 1351 obsequentissima
1684 1292 1882 1337 mente
1904 1285 2095 1336 eidem
2116 1287 2330 1349 gratias
2350 1299 2461 1349 ago

386 1389 407 1392 --
472 1361 476 1365 “
544 1362 547 1365 ’
631 1381 633 1383 ·
732 1374 881 1422 quas
899 1359 1120 1423 possum
1136 1361 1445 1409 maximas
1468 1359 1687 1422 Accepi
1703 1372 1803 1408 eas
1817 1357 2031 1416 literaS,
2052 1371 2186 1407 cum
2204 1358 2462 1420 primum

257 1427 505 1493 Pragam
521 1428 623 1480 sub
642 1431 809 1481 initia
827 1430 976 1494 Iulij,
994 1445 1030 1481 a
1045 1429 1110 1481 Sa
1126 1429 1398 1481 Caesarea
1414 1428 1735 1488 Maiestate,
1757 1428 2023 1479 Domino
2037 1442 2173 1478 meo
2190 1426 2461 1478 Clemen-

255 1501 474 1560 tissim0,
511 1500 692 1552 isthuc
726 1516 756 1552 e
792 1501 1120 1553 Germania
1151 1507 1411 1561 vocatuS,
1450 1507 1503 1551 et
1537 1499 1930 1564 benignissime
1966 1498 2256 1562 susceptus
2288 1497 2461 1550 adve-
2516 1515 2557 1548 15

257 1572 468 1623 nissem.
498 1571 652 1635 Quae
671 1572 808 1624 sane
830 1587 952 1623 non
975 1573 1162 1636 parva
1180 1587 1276 1622 me
1298 1570 1619 1623 affecerunt
1640 1570 1958 1634 voluptate,
1987 1570 2147 1634 quod
2173 1568 2310 1621 inde
2335 1584 2461 1633 per-

258 1646 512 1707 ciperem
527 1650 756 1695 tantum
770 1643 1116 1707 Principem,
1135 1645 1286 1693 inter
1301 1642 1627 1707 Europaeos
1641 1641 1988 1706 paucissimis
2003 1641 2322 1700 cedentem,
2337 1655 2462 1692 non

256 1714 457 1766 saltem
468 1730 564 1765 me
577 1717 937 1765 immeritum
951 1714 1404 1766 Clementissimo
1416 1713 1519 1764 suo
1532 1713 1735 1764 favore
1747 1712 2034 1777 prosequi,
2049 1711 2145 1763 sed
2157 1719 2212 1763 et
2223 1711 2463 1763 Divinae

256 1786 415 1837 illius
426 1785 818 1837 Astronomiae
834 1785 951 1848 (cui
965 1785 1236 1849 plurimis
1250 1783 1466 1836 abhinc
1478 1785 1688 1843 AnniS,
1704 1784 1892 1836 arduo
1908 1790 1963 1835 et
1976 1782 2247 1835 indefesso
2261 1782 2462 1842 studi0,

256 1872 364 1908 nec
384 1857 630 1909 modicis
650 1856 924 1921 impensis
945 1872 1189 1920 operam
1209 1855 1451 1919 navavi)
1472 1855 1753 1922 mysterijs
1773 1855 2008 1906 solerter
2029 1861 2083 1906 et
2103 1854 2358 1906 iucunde
2379 1852 2460 1906 af-
2511 1871 2558 1906 20

255 1928 366 1989 fici,
393 1936 568 1993 prout
591 1928 720 1980 haec
740 1927 1001 1979 sublimis
1023 1935 1078 1980 et
1099 1928 1363 1979 Heroica
1383 1927 1654 1987 Scientia,
1683 1927 1819 1979 inde
1846 1926 1921 1978 ab
1947 1928 2115 1977 initio
2137 1925 2388 1990 Regibus
2408 1932 2463 1977 et

256 2000 635 2064 PrincipibuS‚
659 1999 1044 2063 Heroicisque
1059 1999 1230 2058 Viris,
1250 2001 1313 2050 in
1326 1998 1558 2051 sublimi
1572 2014 1771 2050 rerum
1785 1998 2228 2049 mundanarum
2242 1996 2462 2061 fastigio

256 2071 570 2131 collocatiS,
592 2071 815 2136 semper
836 2071 1233 2135 acceptissima,
1256 2077 1432 2135 atque
1448 2071 1522 2122 ab
1537 2072 1608 2135 ijs
1622 2073 1685 2121 in
1699 2072 2000 2134 praecipuo
2015 2068 2244 2120 honore
2262 2067 2464 2120 habita

254 2142 378 2195 suit.
408 2142 545 2206 Qua
572 2145 749 2195 etiam
776 2143 847 2194 de
875 2143 1061 2194 caussa
1082 2141 1518 2206 Augustissimus
1542 2142 1866 2205 Imperator
1894 2139 2384 2192 RUDOLPHUS
2410 2138 2462 2190 II

255 2230 351 2266 me
372 2216 495 2266 una
516 2230 650 2265 cum
672 2214 902 2266 Urania
928 2213 1135 2272 nostra,
1163 2214 1374 2272 Patria,
1403 2214 1563 2278 quod
1589 2213 1668 2265 ibi
1696 2213 1885 2264 debite
1910 2211 2240 2264 conservari
2261 2218 2316 2263 et
2335 2226 2461 2275 per·
2512 2228 2558 2262 2⁵

255 2288 484 2349 petuari
514 2288 797 2349 nequiret,
828 2285 1028 2350 sponte
1060 2284 1440 2336 excedentem
1469 2284 1586 2335 huc
1612 2286 1675 2335 in
1702 2283 2055 2335 Bohemiam
2087 2283 2194 2346 (uti
2220 2280 2462 2344 dictum)

256 2357 358 2409 ubi
371 2372 530 2408 nunc
545 2359 607 2407 in
619 2357 771 2409 Arce
788 2356 1046 2420 quadam
1063 2355 1432 2414 Caesareana,
1455 2358 1660 2407 itinere
1682 2355 1883 2407 saltem
1905 2354 2127 2419 dimidij
2150 2354 2265 2405 diei
2278 2354 2464 2418 Praga

258 2429 500 2488 remota,
530 2430 656 2479 eius
683 2427 1034 2479 fundamina
1062 2434 1116 2478 et
1143 2427 1434 2478 culturam
1461 2427 1658 2478 denuo
1685 2426 1958 2485 instaur0,
1989 2426 2232 2477 arcessiri
2259 2423 2461 2484 voluit,

258 2506 434 2563 atque
467 2498 605 2550 huic
636 2498 836 2563 Regali
866 2498 1087 2557 Studio,
1122 2497 1410 2563 Regaliter
1440 2513 1677 2561 quoque
1709 2504 1763 2549 et
1791 2496 2106 2548 liberaliter
2137 2495 2462 2560 prospicere

258 2586 383 2622 non
409 2571 757 2635 degravatus
786 2570 875 2621 est.
905 2570 1109 2621 Libros
1135 2584 1283 2633 quos
1305 2569 1685 2621 Serenissimae
1705 2568 1853 2619 Tuae
1876 2567 2220 2620 Celfitudini
2246 2566 2460 2618 humil·
2512 2583 2557 2617 30

257 2642 396 2693 lime
416 2641 557 2701 mifi,
581 2642 771 2693 eidem
791 2648 984 2707 gratos
1004 2641 1176 2699 fuisse,
1198 2640 1345 2691 mihi
1366 2640 1690 2704 plurimum
1710 2639 2099 2704 congratulor.

331 2713 634 2777 Quoniam
667 2728 807 2763 vero
845 2729 917 2763 ex
953 2710 1240 2777 praedietis
1278 2712 1657 2763 Serenissimae
1696 2710 2067 2763 Celfitudinis
2099 2709 2247 2761 Tuae
2282 2708 2462 2760 literis

258 2788 506 2848 percepi,
535 2784 699 2835 illam
726 2784 896 2848 plura
919 2799 990 2835 ex
1011 2786 1157 2835 meis
1179 2786 1239 2834 in
1261 2799 1322 2834 re
1346 2782 1751 2835 Astronomica
1773 2781 2066 2846 Operibus
2088 2780 2461 2833 Clementissi-

259 2871 358 2907 mo
377 2859 580 2908 animo
597 2858 912 2920 requirere,
935 2855 1275 2906 nullatenus
1293 2856 1689 2912 intermittam,
1710 2856 1854 2917 quin
1872 2868 1975 2917 per
1988 2856 2243 2917 primam
2257 2866 2462 2916 quarn-

260 2942 373 2991 que
405 2929 880 2991 oportunitatem,
911 2926 1085 2991 ipsius
1116 2928 1355 2990 optimae
1382 2925 1689 2984 voluntati,
1721 2926 1841 2989 qua
1869 2925 2088 2988 possum
2117 2923 2461 2982 reverentia,
2513 2938 2558 2972 35

258 3014 487 3049 morem
514 3014 735 3063 geram;
768 3006 822 3049 et
851 2997 1215 3062 praestitissem
1243 2997 1301 3047 id
1328 2999 1448 3047 iam
1476 3004 1652 3048 antea
1678 3011 1859 3060 quam
1886 2995 2282 3054 lubentissime,
2309 2993 2349 3045 fi
2375 2992 2461 3044 su-

258 3069 451 3133 pellex
469 3084 606 3121 mea
629 3070 884 3130 libraria,
913 3084 1047 3133 quae
1070 3068 1479 3133 Magdaeburgi
1499 3070 1560 3119 in
1584 3067 1913 3120 Germania
1937 3068 2263 3118 etiamnum
2289 3064 2460 3116 reser-

258 3148 445 3200 vatur,
468 3140 584 3192 huc
606 3140 786 3193 allata
803 3140 997 3199 sufflet,
1021 3139 1179 3203 quod
1194 3146 1393 3191 tamen
1408 3138 1637 3191 instanti
1651 3154 1805 3198 vere,
1822 3139 1922 3190 ubi
1936 3137 2103 3189 Albis
2118 3136 2334 3188 fluvius
2349 3135 2462 3187 hoc

259 3211 524 3276 hyberno
554 3219 818 3276 tempore
849 3210 1204 3276 congelatus,
1236 3211 1432 3261 denuo
1464 3213 1569 3261 erit
1596 3209 1960 3274 navigabiliS,
1990 3208 2254 3260 futurum
2279 3207 2460 3271 [perc.

261 3282 351 3334 Sic
364 3285 523 3334 enim
536 3282 853 3334 aCaesarea
866 3281 1168 3334 Maiestate
1182 3280 1800 3345 Magdaeburgenfibus
1812 3295 1915 3344 per
1925 3280 2123 3331 literas
2133 3276 2462 3330 iniunctum
2511 3293 2557 3327 4ο

261 3353 349 3404 est.
373 3348 393 3421 ΙΙ
416 3353 501 3404 Ex
523 3370 641 3417 quo
668 3354 902 3417 insuper
924 3353 1287 3404 Serenissima
1309 3351 1603 3403 Celfitudo
1625 3352 1756 3403 Tua
1778 3351 2056 3403 Nobilem
2079 3358 2132 3401 et
2154 3349 2462 3401 Eruditum
2506 3358 2559 3399 5v

1999 3420 2460 3479 Adolescentem,
