2652 4022
254 292 556 345 TYCHO
577 293 698 345 AD
726 293 788 344 R.
812 292 1473 346 CORRADUCIUM
1501 295 1576 346 26
1596 292 1847 360 APR.16
1873 295 2230 347 MAL1600
2288 295 2379 348 315

182 451 317 499 quae
354 434 532 488 Sacra
566 434 723 487 Caes²³¹
758 434 948 494 Matas,
983 436 1377 488 intercessione
1414 435 1648 488 Illustris
1684 436 2126 490 Dominationis
2161 437 2378 497 vel'trae,

180 505 328 558 mihi
355 506 803 559 Clementissime
831 504 1079 566 indulsit,
1110 521 1368 570 quorum
1395 513 1596 559 tamen
1624 508 1895 568 necdum,
1926 509 2000 562 ob
2030 508 2177 561 alias
2205 511 2378 561 inter-

179 580 481 629 venientes
507 591 786 636 remoras‚
814 591 1056 641 compos
1081 575 1267 628 factus
1292 576 1440 629 sum:
1469 578 1684 630 idcirco
1708 579 1844 630 mem
1865 580 2094 632 Domem
2114 579 2377 640 vestram,

180 664 299 712 qua
323 649 544 712 possum
569 650 898 699 reverentia
923 654 1189 712 rogatam
1214 647 1424 708 habe0,
1451 648 1606 710 velit,
1634 656 1926 713 quatenus
1952 666 2055 716 per
2078 651 2226 704 alias
2246 651 2379 703 fuas

108 736 130 770 5
178 719 529 784 gravissimas
549 721 965 802 occupationes
984 718 1132 779 licet,
1154 725 1217 770 ut
1232 734 1304 770 ea
1318 723 1650 772 executioni
1671 724 2124 782 committantur,
2147 722 2378 775 efficere

177 805 300 841 non
327 789 649 855 degravari,
676 792 944 854 inprimis
969 805 1110 841 vero
1138 790 1298 854 quod
1322 790 1618 842 Praedium
1643 791 1789 843 illud
1815 792 1911 843 hic
1937 796 1999 844 in
2025 796 2207 845 veteri
2227 794 2376 845 Ben-

52 869 163 912 118
142 860 414 913 naticka
444 859 593 912 mihi
622 860 1071 913 Clementissime
1102 861 1176 913 ab
1204 861 1380 925 ipfius
1411 862 1568 914 Cael‘a
1597 863 1746 914 Mate
1778 863 2123 927 deputatum
2154 860 2176 933 ΙΙ
2209 864 2376 928 (illud

177 934 337 984 enim
362 932 632 991 necdum,
659 931 792 984 licet
817 935 961 984 anni
985 938 1217 996 tempus
1245 935 1371 984 eius
1394 932 1687 985 culturam
1712 941 1931 999 urgeat,
1959 935 2179 999 accepi)
2206 935 2247 987 fi
2272 939 2376 988 ita-

176 1019 291 1068 que
317 1001 447 1055 Ill¹⁵³
468 1003 658 1055 Domo
676 1003 860 1056 vestra
880 1003 956 1055 ad
977 1002 1375 1068 Capitaneum
1402 1004 1881 1057 Brandeifenfem
1906 1005 2020 1058 hac
2045 1006 2116 1058 de
2143 1022 2206 1058 re
2231 1022 2375 1072 pau-

84 1090 126 1124 10
175 1074 321 1126 culis
349 1073 593 1126 scribere
622 1080 799 1139 atque
827 1077 882 1126 ei
908 1090 981 1126 ex
1007 1074 1462 1127 Clementissimo
1488 1075 1683 1128 Sacrae
1710 1076 1879 1129 Caesae
1905 1075 2068 1129 Matis
2093 1078 2376 1130 mandato

172 1145 320 1198 serio
351 1148 674 1211 iniungere,
707 1152 772 1198 ut
803 1146 1099 1198 Praedium
1129 1145 1278 1198 mihi
1309 1146 1424 1198 hoc
1453 1146 1669 1211 absque
1699 1148 2065 1200 diuturniore
2094 1148 2375 1201 dilatione

172 1223 275 1269 aut
299 1217 459 1282 apud
485 1217 635 1269 alios
660 1216 1041 1269 solicitatione
1064 1218 1270 1279 tradat,
1297 1233 1422 1269 non
1448 1218 1667 1278 dubito,
1695 1222 1840 1283 quin
1860 1222 1909 1270 is
1929 1219 1992 1271 fit
2012 1220 2374 1285 obtempera-

171 1294 359 1341 turus:
379 1295 507 1340 tum
527 1304 766 1354 quoque
787 1295 850 1341 ut
862 1288 1048 1341 vestra
1061 1287 1188 1340 Illris
1204 1287 1409 1341 Domio
1423 1289 1495 1341 de
1510 1289 1775 1355 aedificijs
1792 1290 1884 1342 his
1902 1291 2375 1344 Benaticenfibus

171 1375 279 1424 pro
300 1360 697 1412 Instrumentis
717 1362 865 1412 meis
884 1360 1181 1425 parandiS‚
1203 1367 1258 1412 et
1276 1360 1318 1412 fi
1338 1376 1474 1425 quae
1493 1361 1623 1413 sunt
1643 1361 1763 1413 alia
1782 1361 1899 1413 huc
1918 1361 2209 1424 facientia,
2232 1379 2373 1427 qua-

82 1445 122 1479 15
171 1437 343 1483 tenus
357 1430 485 1483 fieri
498 1431 750 1484 debeant
762 1431 858 1484 vel
870 1431 1048 1492 seem,
1070 1438 1134 1483 ut
1149 1447 1358 1484 eorum
1374 1430 1654 1485 structura
1674 1433 1776 1485 diu
1795 1436 1917 1484 iam
1937 1432 2198 1498 neglecta
2218 1450 2373 1486 com·

171 1502 417 1566 pleatur,
444 1502 838 1567 provifionem
860 1501 1336 1568 [comeetentem
1354 1503 1548 1556 facere
1567 1504 1722 1557 velit.
1749 1505 1971 1557 Omnia
1991 1508 2151 1557 enim
2171 1504 2268 1557 hic
2288 1509 2373 1557 ni-

170 1576 282 1625 mis
299 1573 455 1626 lente
470 1580 525 1625 et
539 1573 850 1626 difficulter
868 1574 1210 1639 procedunt,
1230 1590 1340 1627 nec
1360 1573 1554 1628 habeo
1575 1576 1890 1628 commoda
1909 1576 2056 1636 loca,
2078 1579 2141 1628 in
2161 1577 2374 1641 quibus

170 1660 394 1710 organa
413 1660 550 1697 mea
567 1645 992 1706 Astronomica,
1017 1646 1118 1698 ubi
1140 1645 1258 1698 huc
1278 1646 1706 1712 Magdaeburgo
1728 1654 1782 1699 et
1802 1648 2155 1713 Hamburgo
2176 1648 2374 1700 adlata

169 1715 401 1775 fuerint,
427 1728 732 1781 reponam,
760 1733 880 1782 quo
901 1717 975 1769 ab
995 1720 1215 1769 iniuria
1236 1720 1388 1770 aeris
1415 1724 1471 1770 et
1495 1718 1836 1783 pluviarum
1860 1725 1986 1771 tuta
2010 1718 2132 1771 fint.
2161 1719 2274 1771 Sed
2301 1720 2372 1771 de

75 1801 120 1835 20
169 1786 262 1839 his
288 1794 464 1852 atque
491 1787 639 1853 alijs,
667 1803 802 1852 quae
829 1789 1121 1841 necessitas
1148 1791 1297 1854 cogit
1316 1804 1412 1840 me
1433 1789 1509 1842 ad
1528 1789 1728 1842 vestrae
1749 1788 1877 1841 Illris
1898 1788 2097 1842 Domis
2118 1805 2294 1854 opem
2318 1798 2373 1842 et

167 1861 605 1922 promotionem
637 1858 967 1924 confugere,
1003 1862 1070 1920 is,
1103 1875 1282 1924 quem
1314 1876 1474 1912 nunc
1506 1861 1704 1913 denuo
1736 1864 1919 1921 mitt0,
1955 1861 2188 1925 plenius
2224 1861 2369 1926 [per]

169 1932 628 1994 oportunitatem
648 1937 918 1996 exponet.
940 1931 1101 1983 Nolo
1122 1933 1320 1996 itaque
1341 1931 1500 1983 mrem
1520 1931 1751 1984 Domem
1770 1932 2018 1984 vestram
2038 1932 2168 1998 alijs
2190 1948 2372 1997 quam

167 2000 436 2064 plurimis
456 2002 793 2066 gravissimis
808 2002 1050 2067 Reipub.
1066 2005 1219 2054 curis
1235 2002 1538 2055 distentam
1557 2003 1710 2056 hisce
1730 2007 2031 2055 remorari.
2054 2003 2220 2055 Deus
2236 2004 2369 2069 Opt.

167 2072 333 2124 Max.
362 2087 496 2124 eam
522 2088 704 2137 quam
730 2074 1031 2125 diutissime
1057 2073 1300 2125 feliciter
1323 2074 1522 2126 valere
1550 2081 1605 2126 et
1629 2074 1841 2127 florere
1870 2074 2060 2127 faciat.
2092 2074 2266 2127 Datae
2297 2091 2370 2127 ex

73 2158 118 2191 25
167 2143 321 2195 Arce
342 2143 664 2196 Benaticka
685 2145 778 2196 die
798 2145 832 2197 6
853 2145 1001 2210 Maij
1025 2145 1207 2197 Anno
1228 2145 1372 2197 1600.

167 2281 216 2326 [E
237 2283 381 2320 codice
402 2283 636 2321 Basileensi
656 2285 694 2321 G
714 2286 730 2320 I
751 2284 813 2329 35]

40 2379 146 2423 120r
288 2359 950 2434 MAGNIFICO
994 2360 1135 2432 ET
1174 2361 1253 2433 N
1266 2360 1918 2435 OBILISSIMO
1958 2361 2247 2447 VIRO,

192 2462 530 2515 DOMINO
557 2463 920 2516 IOHANNI
947 2463 1340 2525 BARVITIO,
1369 2465 1650 2517 SACRAE
1677 2464 2086 2518 CAESAREAE
2112 2465 2341 2516 MAIE-

267 2545 523 2598 STATIS
550 2546 1032 2599 SECRETARIO
1060 2547 1435 2600 SUPREMo
1463 2547 1561 2599 ET
1580 2548 1637 2599 A
1665 2547 2051 2610 CONSILIJS
2077 2547 2266 2599 INTI-

68 2643 115 2677 30
402 2628 559 2690 MIS,
587 2629 924 2682 DOMINO
952 2629 1051 2681 ET
1070 2630 1340 2683 AMICO
1368 2630 2129 2683 HONORANDISSIMO.

38 2705 144 2749 119r
575 2709 944 2752 MAGNIFICE
971 2710 1049 2752 ET
1075 2710 1505 2754 NOBILISSIME
1531 2710 1958 2763 VIR,DOM1NE

784 2780 863 2823 ET
882 2780 1091 2823 AMICE
1119 2780 1744 2825 HONORANDISSIME.

267 2862 273 2891 ῑ
313 2838 398 2925 ’,ἶς’
422 2838 428 2839 ⁷
450 2913 471 2945 7
491 2851 585 3129 ἢ)
627 2853 964 2906 UONIAM
986 2870 1073 2914 ea,
1095 2855 1166 2907 de
1184 2855 1398 2919 quibus
1415 2855 1587 2920 Maga
1600 2855 1679 2906 Va
1698 2854 1848 2907 mihi
1867 2870 1971 2920 per
1988 2855 2365 2907 domesticum

574 2928 586 2944 ²
626 2940 844 2985 meum,
866 2940 1045 2989 quem
1064 2925 1274 2978 ultimo
1293 2926 1501 2978 Pilsnae
1521 2926 1722 2986 habui,
1748 2926 1907 2991 spem
1926 2926 2075 2986 fecit,
2101 2925 2265 2977 brevi
2286 2926 2363 2978 ef-

338 3026 430 3068 .„,4„
449 2981 489 3066 Γ
509 3018 520 3039 ι
626 2994 840 3048 fectum
861 3003 1203 3060 exoptatum
1222 2997 1512 3057 habitura,
1541 2997 1736 3049 adhuc
1762 2995 1975 3049 infecta
1998 2997 2280 3057 haereant,
2309 3005 2363 3049 et

279 3092 304 3123 x,
414 3100 424 3121 „
586 3114 590 3117 ,
625 3065 1816 3133 frustrahacpraeterlapsaseptimanacum
1828 3068 2172 3120 SacraCaesa
2174 3068 2363 3120 Maie-

353 3135 446 3205 ³⁹22„
472 3180 474 3185 .
507 3196 510 3198 v
478 3126 592 3222 (ῗ
625 3136 778 3198 state,
799 3137 1064 3190 Domino
1085 3138 1276 3191 nostro
1293 3139 1763 3200 Clementissim0‚
1775 3139 1866 3190 Vae
1880 3139 2062 3204 Magae
2083 3140 2363 3191 accessum

231 3238 234 3239 ν
416 3238 418 3240 v
530 3252 535 3253 ff
478 3204 585 3222 J
625 3223 662 3259 a
692 3208 891 3260 multis
922 3212 1139 3273 pariter
1169 3209 1463 3274 speratum
1490 3226 1595 3275 per
1627 3210 1851 3274 aliquot
1881 3210 2004 3262 dies
2032 3210 2235 3275 Pragae
2265 3226 2360 3262 ex-

160 3231 470 3340 pec'tarem,
498 3293 672 3343 cogor
696 3279 893 3331 denuo
921 3279 1227 3344 (liquidem
1246 3297 1338 3333 res
1358 3281 1698 3333 ulteriorem
1718 3296 1950 3332 moram
1969 3283 2069 3332 vix
2088 3284 2359 3346 patiatur,

66 3363 112 3397 40
162 3353 216 3398 et
235 3349 490 3399 incertus
510 3349 630 3410 fim,
652 3365 834 3415 quam
853 3353 966 3402 cito
987 3351 1053 3403 Sa
1071 3351 1227 3404 Caesa
1247 3353 1420 3404 Matas
1442 3368 1513 3404 eo
1533 3353 1721 3404 redire
1742 3351 2081 3474 decreverfit)
2104 3353 2360 3474 eiliindem

302 3429 371 3463 40·
2028 3439 2148 3475 ami
2195 3439 2359 3475 arem
