2678 4022
92 1076 134 1110 10

94 1432 136 1466 15

91 1787 137 1822 20

94 2856 140 2890 35

96 3211 142 3245 40

183 275 257 327 D.
274 275 748 328 CRAMERUS
768 274 890 326 AD
913 244 1734 328 ROSENCRANTZIUM
1757 275 1819 327 31
1839 275 2101 328 MART.
2124 275 2269 328 1598
2317 273 2375 327 41

182 417 298 470 LIS
311 417 609 476 sententia,
625 416 785 481 quod
801 415 983 480 paulo
1000 416 1121 480 post
1137 416 1244 468 usu
1259 432 1331 468 ex
1346 417 1731 481 disputatione
1746 417 2000 483 Phyficae
2015 418 2374 470 Aristoteleae

183 504 318 540 cum
345 489 554 540 eodem
580 487 782 539 habita
805 487 995 539 didici.
1022 487 1325 551 Proposuit
1346 491 1505 539 enim
1524 489 1682 540 idem
1701 489 1918 541 ibidem
1939 489 2375 553 Disputationes

182 559 461 626 phyficaS,
487 562 551 610 in
571 574 826 623 quarum
845 573 1024 618 nona,
1052 574 1188 609 cum
1208 559 1284 610 ad
1304 558 1483 610 libros
1506 563 1730 623 priores
1751 561 1822 612 de
1843 560 1996 612 coelo
2015 561 2262 620 venisset‚
2290 563 2374 612 in—

118 651 139 668 v
182 631 405 695 trepide
420 631 590 682 orbes
604 629 792 681 reales
807 628 1118 681 defendere
1134 629 1383 690 volebat,
1405 646 1554 694 quos
1575 646 1709 682 cum
1725 626 1745 698 ΙΙ
1761 634 2013 696 exercitij
2038 647 2174 697 ergo
2195 647 2375 697 oppo-

182 701 380 753 nendo
400 701 790 767 Tychoniana
811 700 1114 752 observata
1137 700 1481 761 refellerem,
1509 702 1822 753 excanduit
1847 702 2030 754 homo
2056 709 2288 755 tantum
2313 706 2377 754 in

181 773 444 833 modum,
474 779 539 824 ut
568 775 745 824 etiam
774 771 929 823 hanc
958 771 1158 823 datam
1186 771 1535 837 hypothefin
1562 772 1739 836 plane
1768 774 2102 837 repudiaret
2131 781 2186 826 et
2214 774 2375 826 dam-

181 851 364 902 naret,
391 846 705 895 immemor
730 842 952 894 fortasse
977 847 1081 910 τῆς
1108 841 1479 910 μεταβάσεως
1502 847 1607 896 τοῦ
1633 843 1852 911 γένους.
1881 845 2055 896 Unde
2079 846 2378 897 acerbitati

181 915 338 966 istius
365 930 472 980 ego
499 914 728 973 cedens,
754 914 976 966 surrexi
1000 920 1127 966 tum
1152 917 1448 978 temporiS,
1477 921 1653 978 atque
1678 915 1905 967 Scholis
1928 915 2083 967 istius
2103 916 2376 976 valedixi,

182 993 246 1038 ut
270 986 579 1038 meministi
604 1001 700 1037 me
726 986 829 1038 tibi
853 985 1065 1050 saepius
1094 986 1360 1045 narrasse,
1392 992 1447 1037 et
1475 985 1714 1050 plurimi
1743 985 1937 1038 adhuc
1966 989 2029 1038 in
2053 990 2203 1039 vivis
2231 987 2376 1047 sunt,

183 1060 286 1122 qui
312 1064 367 1109 et
391 1055 736 1122 spectatores
763 1063 817 1108 et
843 1056 1141 1108 auditores
1165 1059 1292 1108 eius
1311 1056 1530 1108 fabulae
1550 1057 1803 1108 fuerunt.
1832 1057 1986 1120 Quae
2005 1059 2139 1110 ideo
2160 1065 2376 1123 repet0,

182 1144 307 1180 non
326 1135 390 1180 ut
408 1129 480 1180 de
500 1144 563 1180 re
582 1128 705 1192 ipsa
726 1128 930 1192 (quam
949 1130 1100 1179 inter
1118 1129 1373 1192 puerilia
1391 1127 1584 1180 nostra
1602 1127 1787 1192 pono)
1808 1144 1997 1193 agam,
2020 1129 2115 1181 sed
2135 1136 2199 1181 ut
2220 1133 2377 1181 evin-

183 1215 315 1252 cam
335 1199 790 1252 LIDDELIUM
810 1199 1037 1263 semper.
1054 1198 1402 1264 hypothesin
1421 1199 1586 1251 illam
1606 1199 1678 1251 fic
1698 1198 1966 1260 tractasse,
1987 1200 2060 1251 fic
2078 1208 2279 1252 contra
2297 1201 2377 1252 di—

182 1271 434 1335 sputasse‚
462 1277 526 1322 ut
551 1270 808 1331 alteriuS‚
835 1285 960 1322 non
983 1270 1154 1322 suum
1179 1273 1489 1322 inventum
1509 1271 1613 1322 esse
1634 1270 1930 1322 clarissime
1955 1271 2175 1323 dederit
2195 1274 2380 1323 cuivis

184 1342 578 1394 contestatum.
606 1342 865 1406 Rigidius
887 1344 1046 1392 enim
1069 1357 1176 1406 pro
1199 1341 1303 1393 illa
1321 1342 1630 1406 pugnasset,
1651 1341 1692 1393 fi
1710 1344 2015 1405 proprium
2035 1341 2380 1407 figmentum

185 1413 282 1477 (ex
309 1429 428 1477 quo
448 1413 856 1465 immortaliter
874 1413 929 1464 se
949 1411 1242 1465 victurum
1263 1414 1366 1464 esse
1386 1413 1667 1477 sperasset)
1688 1412 1882 1464 fuisset.
1907 1413 2079 1473 Talis,
2106 1420 2170 1465 ut
2193 1414 2379 1474 audiS‚

185 1484 814 1545 ROSENKRANTZL
841 1484 949 1536 fuit
971 1484 1178 1536 Scotus
1200 1487 1263 1536 in
1286 1483 1501 1536 Schola
1526 1484 1629 1536 illa
1648 1484 2056 1536 Astronomica
2075 1484 2379 1550 Rostochij‚

185 1559 415 1620 quoties
441 1554 683 1607 collecto
710 1571 878 1621 grege
903 1555 989 1607 illi
1015 1556 1247 1607 docenti
1273 1556 1600 1615 assedimus;
1627 1555 1723 1607 sed
1746 1555 2041 1607 esttamen
2062 1556 2221 1620 quod
2242 1556 2379 1607 dissi-

184 1627 414 1679 mulare
446 1642 696 1691 neque0,
731 1627 890 1691 quod
920 1633 975 1678 et
1003 1627 1100 1692 alij
1132 1629 1252 1679 mei
1280 1633 1407 1678 tum
1434 1629 1715 1691 temporis
1745 1627 2175 1679 commilitones
2210 1627 2381 1691 (quos

185 1701 497 1750 nominare
525 1699 770 1762 possum)
799 1705 1033 1749 norunt.
1065 1698 1324 1762 Quando
1355 1698 1441 1750 M.
1463 1697 1923 1751 DUNCANUS
1951 1698 2114 1750 haud
2144 1698 2381 1750 obscure

186 1769 496 1834 colligeret,
522 1785 740 1834 magno
767 1769 1053 1834 applausu
1073 1772 1263 1833 excipi
1281 1769 1695 1822 TYCHONIS
1720 1785 1958 1830 novam,
1986 1785 2237 1834 eamque
2260 1776 2381 1821 tam

186 1843 541 1893 concinnam
560 1840 924 1906 hypothesin,
944 1847 1072 1892 tum
1091 1840 1300 1900 laudis,
1321 1846 1386 1892 ut
1405 1843 1634 1904 opinor,
1654 1843 1974 1892 immatura
1988 1840 2264 1892 aviditate
2278 1840 2379 1893 fla-

185 1928 360 1977 grans
382 1912 468 1976 (ut
488 1919 611 1964 erat
630 1919 845 1964 natura
864 1911 1185 1977 gloriofior)
1207 1914 1313 1963 uni
1334 1918 1389 1963 et
1408 1911 1576 1963 alteri
1592 1911 1831 1963 suorum
1848 1911 2186 1963 auditorum
2202 1912 2382 1974 (coetu

186 1982 428 2047 dimisso)
467 1983 824 2035 insusurrare
859 1983 1092 2043 solebat,
1131 1982 1186 2034 se
1221 1982 1440 2034 habere
1471 1982 1669 2034 literas
1700 1985 1939 2047 propria
1969 1982 2381 2035 TYCHONIS

185 2070 372 2106 manu
393 2061 680 2115 exarataS,
701 2057 764 2106 in
784 2055 997 2119 quibus
1017 2054 1298 2106 TYCHO
1319 2053 1404 2105 illi
1424 2053 1579 2105 hanc
1599 2053 1946 2119 hypothefin
1966 2053 2263 2114 adscribat,
2290 2054 2382 2105 his

186 2129 337 2178 inter
369 2132 581 2178 caetera
611 2126 825 2178 verbis:
870 2126 1059 2178 »Rem
1095 2139 1213 2178 acu
1250 2121 1546 2192 tetigisti«.
1579 2125 1803 2176 Verum
1836 2140 2148 2189 nunquam
2182 2131 2382 2177 tamen

122 2217 138 2235 r
186 2197 360 2263 plene
385 2197 583 2249 literas
610 2212 711 2249 eas
735 2196 885 2248 mihi
911 2197 1152 2261 quidem
1176 2195 1445 2248 visendas
1472 2195 1815 2260 legendasve
1837 2191 1858 2263 ΙΙ
1877 2195 2112 2248 volebat
2138 2198 2380 2260 aperire,

187 2268 380 2321 nescio
407 2284 526 2326 cur,
558 2271 736 2320 etiam
762 2283 898 2320 cum
922 2267 1122 2319 multis
1148 2274 1467 2332 rogaretur.
1499 2266 1660 2330 Quia
1685 2274 1885 2319 autem
1911 2270 2164 2332 integras
2191 2267 2381 2332 legere

186 2356 310 2392 non
321 2339 499 2400 licuit,
513 2339 684 2391 multi
693 2355 930 2391 mecum
939 2342 1135 2403 potius
1147 2339 1461 2391 credebant
1470 2338 1718 2403 publicis
1730 2340 2133 2403 commentarij
2140 2354 2166 2389 s
2178 2338 2381 2390 DUN-

188 2411 404 2471 CANL
432 2427 615 2475 quam
642 2411 900 2463 eiusdem
926 2410 1299 2475 clancularijs
1327 2416 1382 2461 et
1407 2409 1756 2474 subreptitijs
1780 2409 2037 2461 susurris,
2069 2409 2384 2474 Exemplar

186 2483 440 2542 istarum,
468 2498 616 2547 quas
642 2480 832 2543 iactat,
858 2482 1163 2534 literarum
1189 2481 1533 2546 Helmstadij
1563 2480 1911 2545 descriptum
1936 2479 2202 2544 mihique
2229 2496 2382 2532 com-

186 2557 556 2606 municatum
575 2569 735 2605 nunc
754 2553 883 2618 legi,
904 2553 999 2604 sed
1019 2551 1179 2605 lectis
1199 2552 1315 2604 illis
1334 2554 1545 2604 merito
1566 2552 1856 2603 exclamo:
1886 2551 2044 2615 Quid
2066 2552 2140 2603 est
2160 2551 2309 2603 ollas
2331 2559 2384 2603 et

188 2625 518 2677 cucurbitas
546 2625 771 2690 lippire,
802 2625 843 2676 fi
871 2624 985 2676 hoc
1013 2640 1138 2676 non
1166 2622 1265 2675 fit?
1294 2623 1558 2688 Seipsum
1587 2639 1790 2675 amare
1820 2629 1875 2674 et
1902 2622 2101 2687 sapere
2130 2625 2229 2674 vix
2259 2623 2384 2674 Iovi

189 2697 541 2748 conceditur.
572 2696 897 2761 Perstringit
924 2698 1083 2747 enim
1108 2710 1278 2747 amor
1302 2694 1388 2746 sui
1415 2694 1636 2754 ocuIOS,
1666 2701 1730 2746 ut
1759 2693 1899 2758 quid
1926 2694 2129 2746 album
2155 2710 2192 2745 a
2217 2697 2383 2759 nigro

189 2767 363 2827 distet,
385 2767 628 2819 discerni
647 2783 772 2819 non
792 2773 984 2831 queat.
1006 2767 1120 2819 Sed
1138 2782 1245 2832 ego
1262 2766 1408 2818 illud
1425 2765 1710 2830 prolixius
1727 2765 1824 2817 hic
1841 2780 2012 2830 agere
2026 2780 2150 2816 non
2164 2772 2382 2817 teneor.

190 2838 442 2902 Epistola
459 2839 562 2890 ubi
582 2841 644 2890 in
663 2839 858 2891 lucem
876 2838 1050 2890 fuerit
1068 2835 1375 2903 protracta,
1396 2853 1503 2901 pro
1523 2837 1578 2888 se
1598 2837 1887 2901 loquetur.

261 2909 484 2970 HabeS‚
511 2909 750 2961 domine
771 2908 1402 2969 ROSENKRANTZI,
1430 2909 1572 2973 quid
1591 2908 1739 2959 mihi
1759 2923 1832 2959 ex
1851 2906 2208 2959 Liddelianis
2229 2922 2383 2958 com-

189 2983 492 3045 mentariJ’s
518 2980 747 3041 constet,
774 2981 847 3032 de
872 2983 1215 3032 inventione
1235 2995 1411 3032 novae
1431 2979 1531 3031 seu
1549 2978 1956 3044 Tychonianae
1979 2977 2382 3043 hypotheseos

191 3051 370 3115 Quod
397 3051 494 3103 etfi
518 3051 639 3103 fere
664 3054 962 3116 praeterire
987 3052 1304 3116 potuissem,
1330 3058 1532 3103 tamen
1554 3066 1630 3102 ne
1653 3056 1773 3102 tuae
1799 3051 2064 3113 petitioni
2085 3048 2264 3100 deesse
2284 3064 2384 3100 vo-

190 3122 347 3174 luisse
366 3122 611 3182 viderer,
638 3122 806 3174 nolui
826 3125 1108 3174 omittere.
1135 3123 1215 3174 At
1234 3138 1375 3174 vero
1398 3122 1531 3186 plus
1551 3136 1687 3173 mea
1706 3120 1949 3180 interest,
1977 3135 2056 3172 an
2075 3135 2283 3171 verum
2304 3120 2383 3171 di-

192 3200 283 3245 cat
308 3193 531 3253 ScotUS‚
559 3193 719 3257 quod
744 3193 1064 3258 propositas
1091 3209 1128 3245 a
1153 3193 1208 3245 se
1235 3200 1372 3245 ante
1399 3193 1785 3257 Septennium
1804 3191 2091 3243 Theorias
2111 3206 2148 3242 a
2168 3206 2263 3242 me
2292 3206 2383 3242 ac-

192 3267 407 3329 ceperit
425 3263 723 3325 TYCHO,
744 3271 809 3316 ut
828 3263 1126 3316 affirmare
1146 3280 1270 3316 non
1291 3264 1584 3316 erubescit.

265 3335 537 3388 Narrabo
552 3342 752 3387 autem
768 3335 1058 3395 brevibuS‚
1076 3342 1142 3387 ut
1157 3335 1212 3387 se
1230 3351 1322 3387 res
1340 3334 1532 3395 habet,
1551 3341 1726 3398 atque
1741 3350 1864 3386 non
1878 3336 2075 3385 minus
2088 3333 2190 3384 tibi
2205 3347 2386 3453 quahm

334 3418 357 3452 ⁶
2241 3419 2322 3454 mi
2369 3420 2387 3453 1
