2652 4022
79 1091 121 1127 10

78 1447 120 1481 15

43 1581 154 1625 10ον

73 2158 118 2192 25

89 2429 118 2473 ..1-

72 2869 118 2904 3⁵

171 295 474 348 TYCHO
502 295 623 347 AD
651 295 1372 349 ROLLENHAGIUM
1399 297 1474 348 26
1501 295 1835 362 MART.l5
1861 298 2213 349 APR.1600
2267 299 2370 350 295

171 436 454 490 hactenus
465 436 864 502 permiserunt,
880 451 1073 500 neque
1087 452 1193 501 ego
1204 452 1300 489 me
1309 437 1680 503 Theologicis
1692 439 2176 504 disputationibus
2190 439 2370 492 liben-

170 516 256 560 ter
270 508 583 567 immisceo,
598 514 662 560 ut
675 510 853 559 mirer
864 522 1001 558 eum
1013 523 1211 559 meam
1223 508 1528 561 censuram
1539 512 1601 560 in
1612 510 1826 562 talibus
1836 518 1958 562 tam
1968 510 2119 575 saepe
2130 517 2370 575 tamque

170 579 318 631 serio
338 578 662 644 exposcere,
690 594 825 643 quae
853 578 928 630 ad
955 593 1027 630 ea
1051 578 1252 638 studia,
1281 595 1416 643 quae
1443 583 1605 643 prius
1624 584 1774 633 inter
1793 597 1903 633 nos
1923 582 2206 635 ventilata
2224 581 2370 641 sunt,

170 665 294 702 non
313 652 619 714 pertinent.
642 649 1064 701 Duriusculum
1083 649 1230 701 mihi
1245 651 1490 710 videtur,
1513 652 1671 715 quod
1690 653 1763 703 ab
1783 655 1948 704 initio
1967 654 2148 705 asserit
2163 660 2218 705 et
2232 652 2370 705 defi-

170 723 270 780 nit,
292 720 492 773 Deum
510 736 623 772 nos
642 736 746 785 per
761 720 1124 772 sacramenta
1136 720 1326 772 salvos
1340 721 1548 773 facere.
1571 722 1634 774 Id
1648 722 1784 774 sane
1799 723 2015 788 indiget
2029 724 2188 776 bona
2201 724 2372 789 glossa

170 799 225 843 et
238 794 715 856 interpretatione
730 791 936 851 sobria,
949 791 990 842 fi
1002 791 1290 843 idolatriae
1304 791 1547 856 suspicio
1562 794 1743 845 abesse
1759 795 1943 854 debet,
1958 795 2034 846 ad
2049 811 2231 859 quam
2245 795 2370 860 plu-

169 865 303 914 rimi
317 865 677 927 caeteroquin
691 862 964 914 homines
978 864 1099 914 iam
1114 862 1340 914 dudum
1355 863 1467 915 hac
1482 863 1800 928 praesertim
1811 868 1874 916 in
1885 881 1947 916 re
1960 865 2166 930 (proch
2180 866 2370 929 dolor)

169 933 493 986 admodum
506 933 794 998 proclives
808 933 953 985 sunt.
964 932 1128 996 Quin
1142 940 1197 985 et
1210 934 1398 985 multa
1411 934 1540 986 sunt
1553 942 1839 999 praeterea
1850 939 1913 987 in
1925 937 2133 988 eodem
2148 937 2370 1002 scripto,

168 1012 291 1056 tam
304 1005 376 1057 de
391 1004 687 1070 Baptismo
705 1020 887 1069 quam
908 1005 979 1056 de
1001 1020 1185 1065 caena,
1207 1021 1342 1069 quae
1364 1021 1488 1057 non
1508 1009 1589 1058 ita
1608 1005 1819 1059 invicte
1841 1008 2267 1068 demonstravit,
2289 1015 2370 1060 at-

169 1091 286 1142 que
306 1075 604 1128 existimat.
630 1075 742 1128 Sed
763 1076 971 1127 viderit
991 1074 1108 1140 ipse
1130 1083 1184 1127 et
1204 1076 1322 1141 alij‚
1346 1076 1384 1127 fi
1405 1092 1555 1140 quos
1575 1077 1768 1137 habet,
1789 1077 1908 1129 suae
1929 1078 2226 1130 sententiae
2248 1079 2370 1130 asti-

168 1146 489 1211 pulatores;
510 1162 712 1198 meum
732 1162 856 1199 non
877 1146 951 1198 est
971 1153 1163 1198 tantas
1184 1162 1539 1212 componere
1560 1148 1704 1200 lites,
1728 1148 1894 1200 Deus
1908 1149 2110 1201 liberet
2126 1150 2370 1202 ROTH-

168 1217 555 1270 MANNUM
579 1218 654 1270 ab
677 1220 766 1283 ijs,
793 1217 1138 1282 quibuscum
1160 1217 1540 1279 conflictatur,
1567 1219 1828 1284 miserijS,
1856 1227 1910 1271 et
1931 1221 2026 1272 det
2045 1220 2130 1271 illi
2149 1224 2370 1284 patien-

167 1291 312 1341 tiam
328 1296 505 1354 atque
523 1289 922 1341 constantiam.
945 1289 1066 1353 Ego
1081 1288 1122 1340 fi
1136 1289 1220 1340 illi
1234 1290 1496 1350 adessem,
1517 1290 1692 1355 ipfius
1712 1294 2058 1355 paupertati,
2081 1299 2372 1355 quantum

169 1375 262 1412 res
289 1375 441 1412 meae
469 1360 701 1420 ferrent,
733 1376 855 1412 non
885 1360 1191 1412 defuturus
1221 1361 1404 1420 essem,
1436 1362 1942 1425 quemadmodum
1972 1365 2149 1414 etiam
2179 1370 2371 1423 antea,

169 1431 411 1496 quando
431 1434 495 1483 in
514 1431 716 1484 Dania
741 1447 976 1483 mecum
1002 1431 1126 1491 fuit,
1154 1431 1343 1495 ipsum
1369 1448 1496 1483 non*
1519 1435 1762 1484 inanem
1783 1433 1997 1493 demisi,
2025 1433 2120 1484 sed
2148 1434 2372 1498 aliquot

169 1502 365 1554 Roseis
386 1502 698 1562 nobilibuS,
720 1518 827 1567 pro
849 1503 1062 1567 quibus
1082 1502 1231 1554 mihi
1250 1509 1450 1555 tamen
1464 1506 1564 1555 vix
1583 1507 1798 1568 gratias
1819 1520 1990 1569 agere
2009 1504 2279 1569 dignatus
2298 1505 2372 1561 est

170 1573 344 1638 (adeo
363 1580 503 1625 tunc
524 1580 647 1626 erat
666 1574 944 1637 insolens)
966 1575 1201 1633 donavi,
1223 1590 1359 1626 cum
1378 1581 1578 1627 tamen
1599 1571 1620 1643 ΙΙ
1642 1575 1816 1639 ipfius
1830 1575 1974 1627 olim
1988 1576 2263 1640 Princeps
2276 1591 2375 1627 me

168 1644 341 1710 longe
368 1645 542 1697 ditior
566 1660 732 1697 meos
758 1645 1049 1704 homines,
1077 1661 1228 1709 quos
1254 1646 1579 1710 aliquando
1605 1647 1681 1698 ad
1706 1646 1895 1710 ipsum
1920 1646 2061 1707 mifi,
2090 1663 2164 1698 ne
2192 1647 2371 1699 obulo

168 1716 425 1780 quidem,
450 1731 558 1768 nec
580 1719 758 1768 etiam
778 1731 880 1768 eos
900 1719 1124 1768 interea
1144 1716 1370 1777 aluerit,
1393 1719 1899 1781 quemadmodum
1921 1733 2028 1783 ego
2047 1733 2151 1782 per
2171 1720 2204 1770 5
2224 1718 2319 1770 vel
2339 1719 2372 1770 6

167 1786 574 1839 hebdomadas
594 1786 1223 1848 ROTHMANNUM,
1246 1803 1381 1839 cum
1401 1791 1464 1839 in
1485 1788 1685 1840 Dania
1705 1790 1847 1841 esset.
1873 1789 1986 1841 Sed
2006 1788 2106 1840 ista
2127 1789 2277 1841 nihil
2296 1790 2371 1841 ad

167 1857 502 1919 rhombum,
527 1857 766 1923 [ne]que
781 1874 868 1918 ea,
890 1874 1026 1922 quae
1041 1861 1208 1922 parvi
1224 1857 1394 1923 [no]n
1408 1859 1559 1911 duco
1574 1859 1923 1924 momen[ti].
1946 1860 2039 1911 De
2054 1860 2229 1912 fratre
2245 1863 2372 1911 eius

167 1929 568 1990 IOHANNE,
597 1932 699 1994 qui
726 1927 948 1981 Doctor
973 1930 1285 1981 medicinae
1313 1930 1403 1990 est,
1432 1946 1708 1995 cuperem
1735 1930 1890 1991 scire,
1918 1947 1997 1982 an
2018 1934 2067 1982 is
2087 1931 2281 1983 adhuc
2309 1934 2371 1982 in

166 2003 316 2052 vivis
336 1999 421 2060 [⁸113
442 2000 483 2052 fi
503 2000 592 2061 fic,
614 2008 897 2066 optarem,
919 2008 983 2052 ut
996 2016 1092 2052 me
1107 2001 1432 2065 aliquando
1451 2003 1772 2062 accederet;
1794 2005 1900 2053 erit
1914 2003 1972 2054 id
1987 2002 2071 2053 illi
2086 2001 2232 2054 forte
2247 2018 2372 2054 non

167 2071 391 2124 inutile.

239 2142 507 2195 Intellexi
533 2158 739 2207 nuper,
770 2144 873 2194 esse
904 2143 1203 2207 quendam
1229 2146 1291 2194 in
1319 2143 1539 2195 ditione
1567 2144 1967 2196 Brunsvicenfi
1993 2147 2236 2196 nomine
2264 2145 2370 2196 10-

168 2213 538 2266 HANNEM
559 2214 952 2274 KRABBEN,
974 2214 1046 2265 de
1067 2214 1356 2274 Munden‚
1379 2230 1558 2278 quem
1577 2218 2007 2279 praeteritorum
2025 2215 2252 2280 aliquot
2268 2231 2369 2267 an-

167 2300 384 2336 norum
413 2284 696 2350 Ecclipses
724 2288 787 2336 in
816 2292 1067 2350 utroque
1098 2286 1405 2337 Luminari
1434 2286 1738 2350 diligenter
1768 2286 2079 2338 observasse
2109 2289 2297 2346 aiunt;
2330 2286 2371 2338 fi

166 2358 366 2420 itaque
392 2371 480 2415 ea,
508 2371 645 2420 quae
670 2359 720 2407 is
746 2359 899 2408 circa
925 2356 1035 2408 has
1062 2356 1366 2420 explorata
1391 2357 1583 2416 habet,
1614 2357 1761 2408 mihi
1790 2360 2215 2421 procuraveriS,
2246 2373 2371 2409 rem

167 2429 433 2492 apprime
459 2434 686 2492 gratam
711 2427 1055 2491 praestiteris.
1083 2427 1197 2479 Sed
1224 2443 1348 2479 non
1373 2427 1702 2480 suffecerint
1727 2428 1875 2480 mihi
1902 2429 2063 2480 nuda
2086 2436 2369 2493 tempora,

166 2513 374 2550 verum
393 2501 588 2563 potius
608 2499 805 2550 media
823 2498 962 2550 scire
983 2514 1239 2559 averem,
1260 2514 1363 2562 per
1385 2515 1520 2563 quae
1535 2502 1597 2551 in
1613 2515 1820 2551 eorum
1835 2503 2230 2565 cognitionem
2244 2516 2370 2564 per-

166 2572 343 2629 venit,
370 2568 484 2621 five
510 2569 617 2621 fint
636 2569 992 2622 Altitudines
1013 2570 1308 2621 stellarum
1328 2570 1443 2621 five
1464 2571 1583 2622 alia
1603 2571 1719 2622 huc
1740 2572 2145 2623 conducentia.
2175 2571 2370 2636 Cupio

167 2647 368 2692 autem
388 2643 515 2692 eius
535 2640 838 2693 observata
858 2657 930 2693 ea
949 2642 1298 2706 potissimum
1319 2642 1390 2693 de
1412 2643 1599 2694 caussa
1619 2642 1854 2702 habere,
1883 2650 1946 2694 ut
1973 2658 2108 2693 cum
2135 2645 2282 2693 meis
2309 2645 2371 2693 in

166 2710 370 2777 ijsdem
398 2711 748 2776 Ecclipfibus
778 2712 1042 2764 conferre
1071 2713 1300 2777 possem‚
1334 2719 1511 2777 atque
1544 2713 1682 2765 hinc
1710 2714 2177 2765 meridianorum
2208 2712 2368 2765 diffe-

167 2785 419 2834 rentiam
450 2781 661 2835 rectius
694 2798 915 2835 eruere.
954 2783 1043 2835 Est
1076 2786 1252 2835 etiam
1286 2783 1610 2848 aliquando
1644 2787 1706 2836 in
1738 2784 1973 2836 diverfis
2005 2784 2148 2836 locis
2181 2784 2371 2848 dispar

167 2852 459 2905 serenitas,
487 2853 601 2906 Sed
627 2854 699 2905 de
726 2854 1199 2907 observationum
1226 2854 1341 2906 fide
1362 2862 1551 2907 certus
1573 2857 1676 2907 esse
1696 2871 1820 2907 non
1840 2857 2055 2919 possim,
2082 2854 2187 2906 nifi
2214 2871 2368 2909 com-

166 2931 399 2989 pertum
418 2924 702 2985 habuer0,
724 2941 842 2989 qua
862 2929 1107 2986 ratione,
1128 2929 1213 2977 uti
1233 2926 1369 2986 dixi,
1391 2934 1646 2990 acceptae
1667 2927 1788 2978 lint.

238 2995 417 3059 Apud
439 2995 880 3048 Cancellarium
899 2996 1150 3048 vestrum
1178 3013 1265 3056 ea,
1294 2997 1365 3048 de
1393 2998 1606 3061 quibus
1634 3004 1810 3049 antea
1838 2997 1956 3061 [ad]
1982 3004 2036 3048 te
2060 2996 2368 3061 perscripsi,

167 3065 332 3131 spero
358 3074 413 3118 te
441 3064 801 3126 effec'turum,
833 3083 952 3131 quo
982 3067 1274 3133 defiderijs
1301 3068 1504 3119 nostris
1530 3077 1759 3121 mature
1787 3068 2031 3119 satisfiat.
2054 3068 2217 3119 Vale.
2249 3068 2368 3119 Da-

166 3137 380 3189 bantur
401 3153 473 3189 ex
493 3138 647 3189 Arce
669 3137 1022 3190 Caesareana
1043 3139 1324 3191 Benatica
1345 3139 1459 3190 Die
1480 3141 1512 3191 5
1533 3139 1752 3203 Aprilis
1773 3141 1954 3190 Anno
1976 3138 2119 3190 1600.

2082 3421 2149 3486 [E
2170 3423 2367 3473 codice
