2638 3918
690 328 970 380 INDEX
996 329 1402 381 VIRORUM
1430 326 1933 382 DOCTORUM

209 468 254 510 ΙΙ
275 467 586 522 imperatori
603 467 670 511 ab
688 467 1023 512 interioribus
1044 468 1274 512 consiliis

209 542 260 582 et
289 539 376 593 qui
405 538 614 593 privata
645 538 885 582 eiusdem
917 540 1127 594 negotia
1158 551 1276 594 pro-

208 609 416 654 curavit
430 610 497 653 ab
514 622 560 653 a.
582 610 710 662 1576,
732 613 994 664 praeterea
1013 612 1152 654 aulae
1166 623 1276 654 ma-

209 681 366 736 gister
391 693 455 724 ac
481 692 711 725 summae
737 682 813 725 rei
838 681 1067 736 publicae
1094 682 1276 737 guber-

207 755 365 796 nator
388 752 516 804 1591,
544 764 577 795 a
602 753 911 796 muneribus
936 756 1175 797 remotus
1202 765 1272 796 m.

209 823 326 866 Oct.
349 835 396 866 a.
423 823 552 876 1600,
574 826 817 867 mortuus
842 824 968 867 1606.

280 894 505 947 SAGER,
526 894 767 938 medicus
787 895 1035 939 Lubeoae.

280 965 605 1019 SAGREDO‚
655 966 918 1010 Giovanni
960 966 1273 1019 Francesco‚

207 1037 375 1080 homo
395 1038 584 1081 nobilis
604 1037 944 1090 VenetianuS,
965 1040 1122 1081 natus
1147 1037 1275 1090 1571,

208 1109 402 1152 Paduae
423 1109 709 1164 discipulus
728 1109 826 1152 fuit
846 1108 1046 1160 Galilei,
1074 1109 1163 1163 qui
1189 1121 1278 1153 no—

210 1192 334 1224 men
354 1182 465 1237 ejus
485 1182 691 1224 clarum
711 1181 952 1233 reddidit,
975 1192 1039 1224 eo
1061 1181 1206 1236 quod
1224 1181 1278 1223 in

210 1252 428 1307 dialogis
453 1252 561 1296 suis
579 1252 664 1295 De
685 1253 994 1307 systemate
1014 1251 1209 1295 mundi
1226 1256 1279 1296 et

208 1322 294 1366 De
314 1322 531 1366 duabus
550 1322 712 1366 novis
733 1322 1046 1378 disciplinis
1065 1324 1278 1378 loquen-

208 1397 318 1438 tem
338 1406 462 1438 eum
482 1395 621 1439 fecit.

282 1465 532 1519 SAVILE,
547 1467 797 1519 Thomas,
812 1467 980 1510 homo
994 1478 1175 1510 rerum
1191 1479 1278 1509 an-

209 1537 479 1591 tiquarum
498 1538 713 1593 peritus,
743 1538 959 1581 Henrici
981 1538 1159 1581 Savilii
1178 1538 1278 1581 fra·

209 1611 305 1661 ter,
323 1609 515 1653 Oxonii
527 1610 711 1653 studiis
726 1621 949 1665 operam
964 1610 1121 1662 dedit,
1140 1621 1279 1653 mor-

209 1683 331 1723 tuus
355 1681 483 1724 1593.

281 1751 620 1804 SCALIGER,
636 1753 893 1807 Iosephus
908 1754 1096 1804 Iustus,
1115 1753 1279 1807 philo-

211 1824 375 1878 logus,
409 1827 564 1867 natus
596 1824 781 1879 Aginni
812 1824 1111 1879 Aquitaniae
1148 1824 1276 1877 1540,

210 1894 482 1949 professor
514 1895 756 1951 Lugduni
785 1897 1112 1939 Batavorum
1148 1895 1276 1949 1593,

210 1966 302 2010 ubi
314 1970 557 2011 mortuus
571 1970 652 2011 est
668 1967 796 2010 1609.
818 1967 1149 2022 Praecipuum
1167 1968 1279 2023 ejus

212 2049 346 2092 opus
360 2037 457 2081 fuit
472 2038 557 2080 De
571 2037 957 2081 emendatione
975 2039 1276 2093 temporum

210 2109 433 2167 (Parisiis
463 2109 590 2162 1583,
619 2110 700 2153 ed.
724 2111 892 2153 altera
919 2110 1126 2154 auctior
1149 2111 1280 2166 Lug-

212 2181 339 2224 duni
358 2182 683 2225 Batavorum
707 2180 852 2238 1598).

283 2252 704 2304 SCHISLERUS,
735 2252 1130 2297 instrumentor.
1159 2265 1281 2297 con-

212 2324 382 2368 fector
400 2324 652 2379 Augustae
671 2324 1084 2368 vindelicorum.

283 2395 1279 2450 SCHOENER‚Andreas,filiusloannis‚

211 2470 368 2510 natus
398 2466 764 2522 Norimbergae
798 2467 926 2519 1528,
958 2470 1115 2511 mort.
1149 2467 1279 2520 1590,

212 2538 548 2593 gnomonicae
569 2538 804 2582 maxime
825 2549 1047 2593 operam
1068 2539 1224 2583 dedit.

283 2609 632 2661 SCHOENER,
673 2610 916 2662 Ioannes,
954 2613 1110 2654 natus
1149 2610 1278 2663 1477,

212 2680 490 2725 Walthero
548 2681 862 2725 moderante
913 2681 1279 2737 Norimbergae

213 2751 396 2795 studiis
426 2763 648 2807 operam
675 2752 832 2805 dedit,
862 2753 1135 2808 professor
1161 2753 1281 2796 arti-

213 2835 307 2865 um
325 2823 832 2867 mathematicarum
857 2825 1119 2879 gymnasii
1143 2824 1279 2868 illius

214 2893 358 2937 urbis
391 2894 518 2947 1526,
553 2897 795 2938 mortuus
828 2895 955 2939 1547.
988 2896 1166 2951 Opera
1195 2896 1282 2938 ali-

215 2968 343 3019 quot
361 2965 759 3021 Regiomontani
779 2966 940 3009 edidit
958 2978 988 3009 e
1007 2966 1152 3011 libris
1172 2979 1282 3010 ma-

214 3048 286 3079 nu
305 3036 527 3091 scriptis,
550 3037 639 3091 qui
658 3037 919 3080 Waltheri
938 3037 1162 3081 fuerant.

286 3107 914 3160 SCHRECKENFUCHS,
927 3109 1178 3152 Erasmus
1190 3109 1282 3152 Os-

215 3179 439 3230 waldus‚
461 3182 616 3223 natus
633 3179 686 3222 in
700 3178 911 3222 Austria
935 3179 1063 3231 1511,
1085 3180 1283 3235 profes-

215 3260 306 3293 sor
330 3250 521 3305 linguae
546 3250 830 3294 Hebraicae
849 3250 1099 3305 Tubingae
1120 3254 1172 3294 et
1192 3251 1283 3294 Ba-

215 3320 360 3364 sileae
380 3324 431 3364 et
450 3321 683 3376 Friburgi
703 3321 1003 3376 Brisgaviae‚
1030 3321 1122 3365 ubi
1145 3333 1284 3365 mor-

215 3395 338 3435 tuus
369 3394 448 3435 est
483 3391 611 3435 1579.
651 3391 821 3435 Edidit
851 3392 1146 3436 Abrahami
1180 3393 1284 3436 ben

2309 330 2414 382 463

1348 468 1496 524 Chija
1511 467 1799 522 sphaeram
1816 467 2013 512 Mundi
2027 469 2265 526 (Basileae
2284 469 2414 526 1546)

1349 542 1400 582 et
1418 540 1688 583 Ptolemaei
1710 539 1891 594 Opera
1911 540 2127 597 (ibidem
2150 540 2296 598 1551).

1420 610 1894 663 SCHWALMIUS,
1922 612 2161 655 medicus
2185 612 2412 656 Gorlicii.

1420 682 1819 735 SCULTETUS,
1869 683 2098 728 Barthol.
2144 683 2412 740 (Schultz),

1348 756 1504 796 natus
1537 754 1752 797 Gorlioii
1786 754 1914 807 1540,
1951 754 2199 798 Homelio
2236 756 2416 799 mode-

1348 827 1499 868 rante
1537 824 1731 879 Lipsiae
1772 825 1956 869 studiis
1995 837 2218 880 operam
2255 827 2413 879 dedit,

1349 895 1538 938 deinde
1563 896 1978 952 Wittembergae.
2008 897 2298 941 Gorlicium
2323 898 2416 941 mi-

1349 967 1519 1021 gravit
1550 967 1664 1010 1570
1691 967 1867 1022 ibique
1896 970 2082 1012 consul
2112 969 2285 1013 factus
2312 973 2412 1022 est;

1350 1041 1593 1082 mortuus
1617 1038 1744 1082 1614.

1421 1109 1739 1162 SEIFFART,
1763 1110 2030 1164 Matthias,
2046 1111 2312 1166 Tychonis
2329 1114 2417 1156 ad-

1351 1181 1589 1224 minister
1617 1182 1796 1237 Pragae
1825 1181 1936 1234 fuit,
1970 1183 2158 1226 deinde
2189 1184 2414 1239 Kepleri.

1351 1251 1595 1296 Mortuus
1615 1255 1696 1295 est
1715 1256 1836 1297 ante
1858 1254 2159 1308 Keplerum.

1424 1323 1788 1368 SEVERINUS
1808 1324 1912 1368 vid.
1935 1326 2130 1371 PetruS.

1423 1395 1731 1438 SKYNENS
1757 1395 2002 1452 (fortasse
2028 1398 2286 1452 Skynner‚
2316 1399 2347 1442 i.
2370 1411 2414 1442 e.

1350 1467 1606 1524 Skinner),
1630 1467 1836 1511 amicus
1856 1468 2068 1512 Ioannis
2089 1469 2272 1524 Craigi.

1422 1539 1768 1592 SNELLIUS,
1804 1540 2110 1594 Rudolphus
2140 1541 2279 1597 (Snel
2311 1554 2418 1584 van

1352 1609 1564 1667 Roijen)‚
1592 1613 1748 1653 natus
1775 1610 1904 1663 1546,
1930 1611 2204 1666 professor
2223 1612 2418 1655 artium

1352 1681 1857 1725 mathematicamm
1907 1683 2149 1737 Lugduni
2198 1684 2419 1727 Batavo-

1351 1765 1471 1796 rum
1492 1753 1559 1796 ab
1582 1764 1722 1796 anno
1747 1753 1875 1805 1578,
1897 1757 2140 1798 mortuus
2165 1755 2292 1799 1613.

1423 1824 1769 1876 SNELLIUS,
1823 1824 2224 1878 Willebrordus,
2281 1827 2418 1870 filius

1353 1896 1626 1951 Rudolphi,
1654 1899 1810 1939 natus
1839 1895 1952 1939 1580
1977 1897 2061 1940 vel
2091 1897 2219 1949 1581,
2252 1898 2305 1941 19
2332 1911 2419 1941 an—

1351 1979 1450 2011 nos
1470 1970 1625 2011 natus
1639 1968 1910 2011 Ptolemaei
1925 1966 2200 2022 syntaxim
2221 1970 2416 2022 docuit,

1351 2039 1490 2095 patri
1503 2039 1759 2082 successit
1776 2038 1904 2091 1613,
1919 2043 2162 2083 mortuus
2180 2040 2308 2083 1626.
2323 2041 2419 2095 Ty-

1353 2111 1584 2155 chonem
1603 2110 1778 2154 invisit
1796 2110 2023 2154 fortasse
2048 2111 2175 2155 1599.
2201 2111 2300 2155 Hic
2320 2112 2420 2167 pri-

1353 2194 1473 2226 mus
1498 2193 1594 2237 per
1617 2184 1788 2225 artem
1806 2181 2222 2237 trigonometriae
2242 2183 2419 2227 Terrae

1353 2253 1702 2309 quantitatem
1723 2253 1936 2297 metitus
1956 2257 2049 2297 est.

1424 2324 1722 2377 SOMMER,
1769 2325 1996 2369 Iacobus
2038 2324 2124 2383 (de
2164 2326 2417 2383 Somere)‚

1352 2399 1512 2452 poeta
1532 2397 1700 2451 Belga.

1425 2468 1725 2520 STADIUS,
1757 2468 2027 2522 Georgius,
2058 2471 2214 2511 natus
2242 2468 2296 2511 in
2320 2469 2420 2511 Au-

1352 2539 1482 2583 stria
1519 2539 1648 2591 1550,
1684 2539 1956 2594 professor
1991 2540 2336 2583 astronomiae
2368 2543 2420 2583 et

1353 2610 1767 2654 mathematicus
1827 2611 2167 2666 provincialis
2228 2611 2419 2654 Graecii

1356 2681 1485 2734 1582,
1507 2684 1751 2725 mortuus
1775 2682 1902 2726 1593.
1930 2683 2133 2726 Auctor
2151 2685 2231 2726 est
2250 2683 2420 2726 calen-

1353 2753 1641 2796 dariorum.

1424 2825 1724 2876 STADIUS,
1770 2825 2011 2876 Ioannes,
2057 2827 2212 2867 natus
2252 2835 2419 2879 prope

1354 2895 1699 2950 Antverpiam
1723 2895 1851 2947 1527,
1872 2895 2145 2950 professor
2164 2895 2420 2940 Lovaniae

1355 2969 1407 3010 et
1427 2967 1667 3019 Lutetiae,
1695 2970 1938 3010 mortuus
1962 2966 2089 3010 1579.
2118 2967 2319 3011 Auctor
2341 2970 2420 3011 est

1356 3038 1766 3093 Ephemeridum
1787 3050 1833 3081 a.
1860 3037 2165 3080 1554—1606.

1426 3108 1694 3161 STUART‚
1734 3109 1984 3160 William,
2037 3109 2104 3152 ab
2156 3108 2418 3161 Houston,

1355 3181 1561 3223 amicus
1587 3180 1723 3235 regis
1749 3174 1929 3224 Iacobi
1954 3180 2040 3231 VI,
2071 3181 2272 3235 legatus
2301 3180 2421 3223 mis-

1355 3263 1446 3294 sus
1466 3254 1546 3294 est
1563 3251 1616 3294 in
1636 3251 1883 3303 Daniam‚
1906 3251 2267 3304 Germaniam,
2296 3251 2421 3296 Hol-

1355 3322 1607 3365 landiam.
1631 3322 1704 3365 Cf.
1725 3325 1855 3366 tom.
1878 3322 1950 3365 IV
1968 3334 2018 3377 p.
2039 3323 2147 3368 515.

1427 3393 1782 3446 STURMIUS,
1816 3394 2057 3447 Ioannes,
2097 3396 2253 3438 natus
2290 3394 2418 3446 1507,
