2678 4022
114 729 135 762 υἱ

96 1083 138 1117 10

94 1795 140 1829 20

95 2152 142 2186 25

100 2863 146 2898 35

102 3217 149 3252 40

342 284 646 338 TYCHO
674 284 796 336 AD
822 284 1268 336 ANDREAM
1295 285 1746 339 VELLEIUM
1774 287 1837 338 10
1862 287 2039 339 APR.
2068 287 2213 340 1598
2308 288 2379 339 49

183 430 264 479 ita
283 426 586 491 persuasus
604 425 840 486 fuissem,
862 428 956 477 cui
978 432 1032 477 et
1048 426 1259 478 Patriae
1280 427 1338 478 id
1358 428 1802 480 concedendum
1821 435 1982 481 ratus
2002 429 2144 481 sum.
2167 429 2379 493 Neque

185 500 345 550 enim
363 497 488 549 ullo
507 497 687 548 modo
707 495 1110 560 persentiscere
1129 503 1269 548 tunc
1288 501 1470 562 potui,
1497 514 1592 550 me
1616 499 1767 551 nihil
1787 500 1949 552 aliud
1970 516 2151 565 quam
2172 501 2379 552 invidi·

184 584 299 628 am,
328 568 549 627 odium,
576 567 905 620 calumnias
931 574 986 619 et
1011 567 1417 620 fraudulentas
1443 569 1870 634 persecutiones
1895 572 2032 623 inde
2058 578 2380 636 reportatu-

184 655 334 699 rum,
360 641 484 691 una
503 654 639 690 cum
658 641 743 690 rei
762 638 1070 690 familiaris
1089 654 1214 690 non
1235 642 1447 704 exigua
1466 639 1704 693 iactura.
1733 641 1846 693 Sed
1865 644 1946 694 ita
1967 642 2057 703 est,
2085 645 2170 694 uti
2192 658 2382 707 nuper

184 711 260 762 ad
279 726 375 762 me
396 710 731 762 clarissimus
749 709 848 761 ille
869 709 1220 762 IACOBUS
1240 710 1664 764 MONAVIUS
1684 712 2031 765 Vratislavia
2049 713 2381 778 perscripsit,

184 784 335 833 inter
348 781 467 833 alia
480 780 641 832 hunc
654 780 1168 845 Kluppelhardum
1182 781 1427 833 addens:
1454 779 1598 846 »Effi
1621 782 1742 835 erit
1759 786 1944 850 atque
1960 783 2082 836 fuit
2092 784 2383 836 Vndanck

183 852 249 904 in
269 851 395 905 fine
413 851 749 904 laborum«.
777 852 906 903 Imo
925 855 975 904 is
995 859 1050 903 et
1070 852 1245 904 altius
1266 867 1337 904 ea
1357 868 1493 917 quae
1512 853 1661 905 mihi
1681 857 1743 905 in
1763 857 1951 919 patria
1978 862 2315 915 evenerunt,
2342 855 2382 906 fi

184 939 309 976 non
329 925 505 974 nimis
530 922 906 988 hyperbolice
928 938 1303 988 exaggeranS,
1329 926 1392 975 in
1415 923 1545 975 haec
1563 925 1744 976 verba
1763 929 2111 990 prorumpit:
2144 926 2306 979 »Sed
2323 929 2387 979 et

183 995 305 1047 hoc
323 993 480 1045 mihi
496 992 737 1046 incidit:
762 991 984 1058 Ouidli
998 995 1272 1046 mundus
1290 993 1394 1047 hic
1413 1009 1539 1047 non
1553 992 1627 1060 fit
1646 995 1877 1063 dignus
1894 994 2021 1061 istis
2040 996 2383 1049 Atlanticis

187 1065 368 1118 bonis
388 1067 453 1118 et
471 1063 653 1117 donis
673 1062 860 1129 nostri
878 1064 1310 1119 TYCHONIS.
1331 1065 1539 1118 Etiam
1559 1066 1680 1119 hoc
1700 1066 2002 1134 cogitavi:
2023 1066 2229 1134 quidsi
2243 1069 2383 1120 haec

185 1137 358 1204 Τύχη,
378 1149 519 1203 quae
534 1135 804 1188 Domino
820 1135 1195 1190 TYCHONI
1203 1135 1479 1204 contigit,
1498 1136 1756 1190 nunciet
1769 1135 1994 1203 instare
2005 1137 2194 1192 finem
2208 1153 2383 1191 mun-

187 1206 290 1260 di?
324 1208 470 1261 Utut
486 1205 573 1272 sit,
602 1207 806 1259 adhuc
831 1208 1015 1260 Valde
1041 1206 1264 1269 dubito,
1297 1210 1551 1261 tuamne
1580 1207 1782 1261 vicem
1810 1223 1891 1261 an
1918 1209 2150 1262 Patriae
2168 1209 2384 1276 potius

189 1281 328 1341 tuae,
355 1278 481 1330 imo
507 1277 698 1330 totius
717 1277 891 1344 Reip.
916 1275 1276 1343 Christianae
1299 1278 1512 1347 magis
1539 1279 1749 1332 dolere
1777 1280 2088 1333 debeam«.
2116 1281 2384 1345 Moxque

187 1351 368 1403 addit:
403 1348 708 1402 »Miratus
724 1347 865 1415 sum
891 1350 1135 1417 Regem
1161 1349 1321 1401 nihil
1347 1348 1594 1415 voluisse
1621 1350 1913 1403 conferre
1937 1350 2003 1403 in
2028 1353 2170 1404 haec
2187 1349 2386 1416 studia

122 1442 143 1459 v
187 1420 470 1488 Regibus
483 1423 548 1473 et
559 1434 776 1473 eorum
782 1418 824 1486 s
820 1418 1064 1487 ubsidi'y's
1078 1423 1264 1487 atque
1279 1420 1641 1474 adiumento
1655 1419 2012 1489 dignissima,
2023 1418 2044 1490 ΙΙ
2057 1422 2163 1489 qui
2176 1425 2386 1475 tamen

187 1507 391 1559 nuper
409 1494 618 1544 tantos
629 1489 918 1558 sumptus
938 1491 1091 1544 fecit
1105 1491 1171 1544 in
1192 1491 1619 1545 coronationis
1639 1490 1801 1557 festo.
1825 1492 2020 1546 Aliud
2035 1493 2156 1546 fuit
2173 1493 2385 1546 iudici-

190 1579 293 1616 um
308 1561 744 1624 ALPHONSI,
766 1563 894 1615 imo
912 1562 1084 1615 aliud
1101 1562 1291 1616 etiam
1310 1561 1498 1630 ipsius
1510 1563 1718 1630 patris
1737 1565 2087 1616 FRIDERI
2087 1564 2167 1618 CI
2167 1582 2212 1616 «.
2235 1565 2386 1616 Haec

189 1641 244 1687 et
269 1634 477 1686 similia
496 1650 620 1685 non
640 1633 841 1685 saltem
862 1634 959 1686 ille
979 1634 1075 1686 sed
1095 1641 1151 1686 et
1169 1635 1340 1686 multi
1360 1635 1458 1700 alij
1481 1638 1593 1686 viri
1613 1638 1676 1686 in
1697 1635 2027 1688 Germania
2047 1642 2223 1700 atque
2247 1636 2387 1688 alibi

189 1706 545 1758 cordatiores
560 1711 615 1757 et
627 1703 776 1756 mihi
790 1711 845 1757 et
858 1705 959 1756 fibi
972 1707 1227 1757 invicem
1242 1706 1314 1758 de
1327 1721 1423 1758 me
1437 1706 1695 1771 meisque
1710 1707 1884 1759 rebus
1897 1706 2108 1772 saepius
2119 1707 2385 1759 scribunt.

190 1778 312 1843 Ego
331 1792 474 1828 vero
495 1779 676 1828 invite
696 1776 821 1828 fero
842 1777 1002 1840 quod
1016 1777 1155 1841 Regi
1171 1792 1307 1828 meo
1324 1777 1671 1829 serenissimo
1687 1784 1741 1829 et
1754 1780 1859 1829 toti
1872 1778 2083 1830 Patriae
2098 1781 2386 1843 imputen-

188 1856 282 1901 tur
311 1863 398 1907 ea,
430 1863 565 1912 quae
594 1863 922 1912 paucorum
950 1847 1290 1900 machinata
1319 1848 1395 1899 est
1422 1848 1779 1912 perversitaS,
1813 1848 1887 1900 ab
1916 1852 2094 1901 unico
2125 1856 2179 1901 et
2206 1852 2388 1901 veteri

188 1935 325 1971 meo
346 1919 527 1979 osore‚
555 1934 734 1983 quem
753 1925 873 1970 tute
893 1918 1054 1979 nosti,
1082 1919 1153 1970 de
1181 1934 1301 1983 quo
1328 1922 1506 1971 etiam
1527 1935 1600 1971 ex
1618 1919 1837 1984 Anglia
1855 1919 2004 1971 mihi
2023 1920 2276 1972 relatum
2296 1920 2386 1981 est,

189 1991 591 2056 praestantibus
610 1992 750 2041 viris
776 1990 857 2042 ibi
881 1990 1185 2041 innotuisse
1213 2005 1352 2041 eum
1376 1989 1486 2042 has
1511 1991 1711 2042 turbas
1739 2006 1811 2042 ex
1837 1994 2162 2043 inveterata
2185 1998 2388 2043 contra

190 2078 285 2114 me
311 2061 537 2113 invidia
561 2061 800 2113 subdole
827 2068 882 2112 et
907 2060 1360 2113 Machiavellice
1386 2061 1575 2113 solum
1603 2063 1852 2122 movisse‚
1882 2062 2060 2126 idque
2089 2078 2194 2127 per
2222 2062 2387 2122 alios,

191 2149 327 2185 cum
346 2132 585 2197 ipsemet
603 2147 711 2197 par
730 2147 854 2183 non
875 2133 1016 2193 esset,
1037 2132 1422 2197 proficiscens.
1444 2132 1623 2197 Quod
1643 2139 1698 2184 et
1716 2133 1916 2185 multis
1933 2133 2267 2195 GermaniS‚
2288 2149 2387 2185 ne-

190 2205 305 2256 scio
327 2203 540 2268 quibus
559 2203 789 2268 indicijs
808 2205 1086 2264 innotuit;
1110 2204 1261 2255 adeo
1281 2210 1345 2255 ut
1363 2203 1459 2255 vel
1478 2203 1552 2255 fic
1573 2203 1636 2268 (fi
1655 2219 1779 2255 non
1798 2204 1932 2256 satis
1952 2204 2111 2268 ante)
2132 2204 2388 2256 famosus

192 2276 418 2327 evadat.
441 2275 562 2340 Ego
582 2274 807 2338 semper
827 2274 1044 2339 Regem
1059 2281 1113 2326 et
1126 2275 1400 2335 Patriam,
1422 2290 1630 2326 omnes
1650 2277 1714 2326 in
1734 2290 1806 2327 ea
1824 2276 2040 2340 probos
2062 2282 2116 2327 et
2135 2278 2390 2341 integros

190 2350 348 2398 viros
370 2345 643 2398 excusare
662 2345 837 2397 soleo.
859 2345 953 2397 De
973 2348 1198 2397 caeteris
1218 2352 1402 2405 tace0,
1424 2352 1479 2398 et
1500 2346 1782 2397 dissimulo
1804 2346 1879 2398 ad
1899 2353 2146 2410 tempuS.
2170 2347 2391 2399 Omnia

191 2418 486 2470 successive
507 2423 562 2468 et
581 2432 686 2481 per
706 2416 1016 2468 intervalla
1034 2416 1200 2469 suam
1219 2416 1536 2469 sortiuntur
1554 2420 2014 2469 maturationem
2029 2425 2083 2470 et
2095 2415 2391 2469 fructuum

194 2490 373 2542 edunt
400 2488 708 2553 specimen,
739 2495 803 2540 ut
831 2490 1024 2552 quivis
1053 2503 1126 2540 ea
1154 2503 1290 2553 quae
1319 2487 1474 2549 sevit,
1504 2494 1700 2540 metat.
1732 2488 1846 2541 Sed
1874 2488 2111 2541 valeant
2139 2489 2241 2541 ista
2269 2491 2392 2540 una

194 2576 329 2612 cum
348 2560 478 2611 istis.

262 2631 356 2683 Tu
365 2646 508 2683 vero
519 2633 602 2682 mi
613 2631 993 2682 amantissime
1005 2630 1266 2682 Domine
1278 2629 1553 2695 Magister
1560 2630 1898 2682 ANDREA
1908 2646 2020 2691 me,
2033 2638 2206 2695 prout
2217 2638 2393 2683 antea

194 2701 538 2761 constituisti,
558 2701 655 2753 hic
675 2701 872 2761 invise,
893 2708 959 2753 ut
977 2701 1155 2753 semel
1174 2701 1386 2761 adhuc,
1407 2701 1691 2766 liquidem
1705 2701 1918 2766 saepius
1934 2718 2058 2754 non
2074 2702 2261 2762 liceat,
2282 2717 2392 2754 nos

194 2776 448 2826 invicem
473 2775 812 2824 intueamur
838 2779 893 2824 et
918 2772 1346 2837 colloquamur,
1374 2779 1696 2837 antequam
1719 2773 2116 2838 difiungamur
2142 2775 2391 2838 longiuS.

196 2845 426 2910 Hyems
439 2860 599 2896 nunc
613 2859 737 2895 non
751 2843 946 2896 obstat.
968 2844 1058 2895 Est
1071 2846 1222 2895 inter
1235 2843 1455 2896 Pascha
1469 2851 1524 2896 et
1538 2844 1911 2896 Pentecosten
1924 2844 2393 2896 iucundissimum

195 2917 358 2967 Anni
383 2921 615 2980 tempus
641 2921 696 2966 et
721 2913 1179 2979 profectionibus
1203 2917 1494 2980 imprimis
1519 2922 1740 2979 aptum.
1761 2915 2054 2967 Valetudo
2077 2915 2118 2966 fi
2145 2930 2264 2979 qua
2289 2915 2393 2966 tibi

196 2986 272 3038 est
299 2987 589 3047 remissior,
618 2993 785 3037 motu
811 2989 1072 3050 corporis
1099 2988 1251 3038 inter
1278 2986 1775 3051 peregrinandum
1803 2993 1857 3037 et
1884 2988 2036 3038 aeris
2064 2988 2392 3037 mutatione

195 3063 574 3122 recuperatur
597 3059 792 3120 potius
812 3072 995 3121 quam
1019 3056 1367 3122 infringitur,
1395 3072 1531 3109 cum
1551 3059 1720 3121 quies
1741 3056 1827 3108 illi
1846 3060 2045 3108 minus
2064 3060 2391 3108 conveniat.

197 3128 366 3180 Nihil
393 3130 565 3192 igitur
594 3127 757 3179 aliud
786 3127 1007 3179 obstare
1035 3131 1262 3192 poterit,
1293 3130 1438 3192 quin
1466 3128 1588 3192 post
1615 3143 1837 3192 paucas
1865 3127 2269 3180 hebdomadas
2296 3127 2393 3179 hic

197 3199 362 3259 adfis,
378 3213 560 3263 quam
574 3214 716 3250 cura
729 3198 1039 3251 domestica
1054 3206 1109 3251 et
1122 3199 1500 3263 parfimonia;
1522 3199 1727 3251 domui
1740 3198 1872 3250 satis
1886 3214 2039 3250 uxor
2050 3199 2392 3263 providebit.

199 3271 269 3322 Et
287 3273 480 3322 maior
499 3269 575 3321 est
594 3271 656 3320 in
676 3272 897 3321 amoris
917 3270 1237 3322 constantia
1262 3270 1620 3334 parsimonia
1638 3270 1918 3321 Amicum
1936 3277 2196 3322 veterem
2215 3269 2393 3334 negli-

198 3357 331 3406 gere
346 3356 527 3405 quam
541 3340 807 3404 aliquam
820 3341 1154 3405 pecuniulae
1167 3348 1410 3406 partem,
1426 3356 1562 3405 quae
1576 3341 1835 3393 resarciri
1848 3341 2042 3405 potest,
2057 3347 2233 3405 atque
2248 3341 2395 3392 alias

341 3423 363 3458 7
2103 3412 2394 3463 interdum
