2652 4022
267 285 372 337 230
802 282 1238 335 EPISTOLAE
1265 283 1935 336 ASTRONOMICAE

266 427 359 479 sus
374 426 843 490 Septentrionem
857 426 1118 490 migrarit
1131 425 1527 484 Astronomia;
1550 442 1669 490 quo
1686 442 1819 478 cum
1835 426 2079 478 ulterius
2094 427 2168 478 ob
2183 425 2467 480 Ardtoum

266 498 445 563 frigus
456 500 823 560 nimiamque
835 496 1080 560 sphaerae
1091 497 1537 549 inclinationem
1548 497 1817 562 progredi
1827 497 2136 549 commode
2145 514 2269 549 non
2279 499 2466 562 posset,

267 584 460 633 neque
477 571 654 619 etiam
670 568 771 619 diu
784 568 864 619 ibi
877 567 1181 628 subsistere,
1200 569 1439 620 tandem
1453 571 1516 619 in
1532 569 1924 620 Germaniam
1938 568 2167 620 reversa
2184 569 2275 629 est,
2293 569 2466 621 adeo·

268 655 381 704 que
396 643 459 690 in
473 639 656 703 ipsam
670 638 1039 699 Bohemiam‚
1057 639 1402 691 Germaniae
1415 640 1576 704 quasi
1588 656 1687 691 cor
1699 646 1753 691 et
1764 639 2177 699 meditullium,
2193 640 2295 692 ubi
2309 641 2467 704 apud

267 710 735 775 Augustissimum
751 710 1173 774 Imperatorem
1191 710 1713 763 RUDOLPHUM
1732 711 1785 762 II
1802 711 2059 763 clemens
2078 717 2132 762 et
2148 712 2469 776 benignum
2519 730 2539 763 5

267 782 581 845 hospitium
596 779 768 833 nacta
783 781 873 842 est,
890 788 953 833 ut
967 781 1208 833 demum
1219 782 1633 841 verificaretur,
1651 783 1810 846 quod
1825 782 1968 833 olim
1982 782 2379 834 MANILIUS
2394 783 2468 835 ad

267 852 732 905 AUGUSTUM
755 852 1051 905 Caesarem
1070 853 1330 917 protulit:
2519 858 2546 901 †

658 960 938 1027 Regales
959 959 1208 1012 animos
1220 959 1496 1027 primum
1520 959 1777 1028 dignata
1796 974 2055 1012 movere

659 1030 953 1083 Proxima
977 1033 1313 1099 tangentes
1338 1031 1507 1084 Coelo
1526 1028 1770 1098 fastigia
1789 1045 2018 1084 rerum.

268 1139 429 1190 Hinc
455 1138 684 1202 sumpta
704 1138 1005 1190 occasione
1031 1141 1241 1202 poterit
1266 1138 1461 1202 postea
1482 1139 1737 1203 digressio
1760 1139 2037 1202 quaedam
2056 1137 2184 1190 fieri
2204 1138 2280 1191 ad
2299 1153 2395 1190 me
2417 1145 2471 1190 et
2525 1156 2566 1190 10

268 1225 355 1269 ea,
384 1225 519 1274 quae
545 1209 693 1261 mihi
713 1212 776 1260 in
797 1209 998 1261 Dania
1024 1216 1363 1269 evenerunt,
1390 1216 1678 1274 tanquam
1704 1209 1989 1261 relatione
2017 1225 2241 1270 eorum,
2269 1211 2373 1273 qui
2399 1225 2472 1262 ex

269 1281 600 1334 Germania
620 1287 674 1332 et
694 1280 986 1332 Bohemia
1008 1284 1068 1332 in
1093 1281 1324 1332 Italiam
1350 1280 1808 1345 proficiscuntur,
1837 1287 2151 1345 comperta.
2179 1281 2365 1332 Decet
2388 1287 2468 1333 ta-

267 1368 407 1404 men
436 1355 500 1404 in
527 1351 620 1404 his
648 1352 896 1404 modum
925 1352 1188 1417 aliquem
1216 1352 1445 1404 servare
1476 1358 1531 1403 et
1558 1352 1812 1403 modeste
1842 1367 1911 1403 ac
1940 1352 2242 1403 moderate
2269 1355 2472 1404 omnia

268 1439 456 1489 agere,
484 1426 565 1475 ita
584 1430 648 1475 ut
668 1424 878 1475 Patriae
899 1423 1108 1475 nostrae
1131 1430 1186 1475 et
1206 1424 1344 1488 Regi
1370 1423 1751 1487 plurimisque
1772 1426 1835 1474 in
1854 1425 1925 1488 ijs
1945 1422 2231 1486 praeclara
2251 1429 2307 1474 et
2325 1425 2471 1475 anti-

269 1497 388 1559 qua
409 1494 728 1547 Nobilitate
754 1498 894 1546 viris
921 1497 1159 1560 integris
1187 1502 1241 1546 et
1267 1495 1535 1554 cordatiS‚
1564 1494 1777 1558 quibus
1803 1497 2017 1558 partim
2043 1493 2234 1559 inscijs
2258 1495 2472 1559 partim
2528 1512 2568 1546 15

268 1569 464 1619 invitis
486 1582 557 1618 ea
578 1573 917 1626 evenerunt,
946 1582 1081 1630 quae
1103 1566 1354 1618 discessui
1373 1581 1509 1617 meo
1530 1565 1734 1617 ansam
1759 1564 2156 1629 praebuerunt,
2183 1571 2471 1630 parcatur,

268 1645 450 1702 utque
477 1637 561 1689 illi
587 1637 692 1688 fint
719 1637 1092 1689 excusabiles.
1121 1637 1542 1702 Perstringendi
1564 1652 1706 1688 vero
1733 1636 2104 1688 solummodo
2130 1652 2237 1701 pro
2262 1639 2472 1688 merito

270 1708 678 1762 Cancellarius
703 1709 1026 1760 modernus
1053 1714 1107 1760 et
1134 1708 1310 1759 Aulae
1337 1708 1619 1772 magister,
1650 1710 1752 1772 qui
1780 1723 1916 1759 cum
1942 1707 2152 1760 Patriae
2181 1707 2473 1760 honorem
2522 1713 2550 1756 'r

269 1797 342 1832 ex
362 1780 558 1832 officio
579 1795 929 1844 promovere
950 1779 1279 1840 debuissent,
1295 1775 1316 1847 ΙΙ
1332 1795 1470 1831 eum
1485 1782 1679 1843 potius
1695 1779 1770 1831 ob
1785 1781 2097 1831 avaritiam
2112 1785 2167 1831 et
2179 1778 2474 1831 sorditiem
2510 1789 2586 1832 11r

267 1854 396 1916 pari
410 1851 650 1911 invidia,
666 1851 1027 1916 malignitate
1041 1856 1096 1902 et
1107 1851 1245 1903 odio
1261 1849 1636 1903 coniunctam
1653 1850 1811 1914 (cum
1825 1849 1928 1915 ipfi
1942 1850 2281 1903 liberalibus
2297 1850 2473 1902 scien·
2524 1868 2570 1902 20

267 1925 361 1988 tijs
381 1922 476 1974 vel
496 1922 646 1974 nihil
665 1922 760 1974 vel
780 1922 1105 1974 admodum
1128 1938 1342 1986 parum
1361 1920 1522 1975 tincti
1544 1921 1735 1985 essent)
1764 1922 2195 1986 impediverunt
2215 1928 2271 1974 et
2290 1927 2474 1974 exter-

267 1996 585 2046 minarunt.
609 1994 875 2046 Nomina
897 2009 1106 2045 eorum
1126 1996 1394 2045 invenies
1414 1996 1477 2045 in
1497 1996 1585 2058 ijs,
1608 2009 1743 2058 quae
1765 1993 1836 2045 de
1858 1994 2057 2045 caussis
2077 1992 2336 2045 discessus
2355 1996 2474 2045 mei

268 2066 475 2118 Latine
497 2072 739 2117 exarata
764 2081 924 2117 nunc
947 2068 1130 2117 mitto.
1160 2065 1287 2116 Nec
1308 2065 1551 2125 interest,
1573 2064 1614 2116 fi
1634 2065 1721 2116 illi
1741 2065 1992 2129 expresse
2011 2067 2393 2116 nominentur
2412 2066 2475 2117 in

267 2137 474 2202 scripto
504 2136 624 2196 illo,
654 2144 942 2201 tanquam
971 2139 1219 2188 nomina
1246 2152 1454 2188 eorum
1481 2136 1594 2188 hac
1621 2136 1924 2188 occasione
1950 2135 2191 2188 aliunde
2218 2138 2281 2188 in
2307 2135 2476 2188 Italia

269 2209 454 2261 relata
478 2207 711 2268 fuerint,
740 2224 876 2260 cum
902 2207 1051 2260 alias
1078 2207 1304 2260 obscuri
1330 2207 1451 2268 fint,
1480 2208 1639 2272 digni
1664 2216 1882 2268 tamen,
1910 2213 1974 2259 ut
2000 2223 2073 2259 ex
2092 2207 2194 2260 tali
2213 2206 2474 2259 facinore
2525 2225 2571 2259 25

269 2280 474 2331 famosi
495 2280 765 2339 evadant,
788 2279 1295 2343 quemadmodum
1314 2279 1430 2339 ille,
1453 2282 1555 2343 qui
1571 2279 1789 2331 Dianae
1806 2278 2093 2343 templum
2108 2278 2369 2343 Ephefijs
2389 2281 2474 2330 in-

270 2351 478 2403 cendio
506 2350 830 2414 absumpfit‚
863 2354 1030 2402 cuius
1056 2357 1258 2402 tamen
1283 2366 1506 2402 nomen
1532 2350 1646 2402 hoc
1674 2348 1844 2414 paao
1872 2349 2130 2402 deletum
2156 2349 2247 2402 est.
2278 2351 2475 2414 Atque

269 2425 332 2474 in
358 2422 518 2474 hunc
543 2422 638 2473 vel
663 2422 908 2473 similem
935 2422 1182 2473 modum
1208 2422 1431 2486 possunt
1459 2437 1545 2482 ea,
1575 2437 1710 2486 quae
1737 2421 1984 2474 Uraniae
2010 2421 2220 2474 nostrae
2247 2427 2301 2473 et
2327 2420 2475 2472 mihi

270 2496 652 2558 contigerunt,
675 2492 1040 2557 amplificari.
1063 2488 1084 2560 ΙΙ

342 2565 615 2616 Inaudivi
641 2570 695 2616 te
723 2563 1143 2628 Ephemerides
1172 2570 1304 2615 tuas
1331 2565 1550 2628 magna
1576 2563 1852 2627 equidem
1878 2563 2178 2628 diligentia
2202 2562 2474 2627 supputa·
2511 2572 2594 2616 10v

271 2642 359 2687 tas
381 2635 531 2700 (utut
552 2635 795 2699 quidam
810 2635 1176 2687 Franeofurti
1191 2635 1267 2687 ad
1283 2635 1560 2694 oderam,
1583 2635 1750 2686 editis
1770 2649 1959 2699 nuper
1980 2634 2326 2698 quibusdam
2345 2633 2477 2699 alijs

271 2707 344 2759 ab
372 2723 533 2759 anno
561 2707 688 2759 1595
715 2706 1128 2770 incipientibus
1156 2712 1210 2757 et
1236 2706 1389 2758 ultra
1412 2712 1544 2757 tuas
1565 2706 1852 2758 decennio
1878 2705 2257 2770 prolongatiS‚
2283 2707 2475 2757 minu-

270 2777 394 2830 tula
415 2778 708 2842 quaedam,
738 2793 873 2842 quae
898 2784 1271 2829 momentum
1297 2793 1422 2828 non
1446 2776 1682 2837 habent,
1710 2780 1773 2828 in
1798 2779 1870 2842 ijs
1897 2792 2135 2841 carpere
2160 2775 2476 2841 praesump-

271 2849 422 2913 serit)
450 2850 662 2901 auxisse
690 2849 764 2901 ad
791 2851 1108 2900 minimum
1134 2852 1359 2913 integro
1387 2848 1691 2900 decennio.
1719 2848 2036 2912 Exemplar
2061 2863 2186 2900 non
2207 2847 2350 2900 vidi:
2377 2862 2476 2899 ne·

272 2937 387 2985 que
421 2923 580 2973 enim
612 2920 719 2972 fuit
748 2923 812 2972 in
842 2920 1129 2985 Catalogo
1157 2920 1581 2971 Nundinarum
1608 2919 2180 2972 Franeofurtenfium
2208 2920 2476 2983 proxime
2526 2935 2571 2970 35

272 2993 760 3044 antecedentium.
793 2992 1092 3056 Cuperem
1120 2994 1319 3055 itaque
1351 3006 1422 3042 ex
1448 2997 1503 3042 te
1533 2990 1767 3052 habere,
1796 2997 1860 3043 ut
1885 2990 2138 3050 videam,
2169 3005 2248 3042 an
2276 2990 2478 3054 aliqua

271 3062 416 3115 inibi
447 3070 659 3128 praeter
690 3066 949 3128 priorem
982 3062 1343 3127 diligentiam
1377 3061 1783 3114 exantlaveriS.
1820 3062 2032 3126 Neque
2066 3064 2226 3113 enim
2257 3060 2475 3121 dubito,

272 3141 375 3185 tua
409 3137 472 3185 in
506 3134 620 3186 hoc
655 3149 867 3199 genere
905 3134 1063 3198 (cum
1100 3148 1488 3185 numerorum
1522 3131 1865 3185 tractatione
1902 3139 2078 3197 atque
2114 3132 2477 3197 compendijs

273 3205 647 3270 praepolleas)
670 3203 943 3258 emuncta
965 3212 1019 3256 et
1038 3204 1221 3256 solida
1246 3206 1364 3264 esse,
1400 3212 1692 3268 quantum
1716 3204 1825 3256 fert
1851 3203 2306 3256 fundamentum
2332 3202 2477 3254 illud

275 3279 369 3327 cui
388 3275 781 3340 superstrudla.
806 3277 1113 3329 Coeterum
1133 3291 1268 3340 quae
1284 3276 1355 3327 de
1369 3274 1613 3327 Tabulis
1633 3278 1781 3327 meis
1801 3278 1864 3327 in
1882 3281 2050 3327 motu
2064 3275 2477 3326 Luminarium
2526 3290 2572 3324 40

274 3346 527 3399 restituto
550 3350 787 3411 expetis,
809 3354 873 3400 ut
891 3349 929 3413 ij
937 3363 980 3409 S,
1003 3342 1023 3415 ΙΙ
1045 3348 1232 3399 donec
1252 3346 1620 3411 reliquorum
1634 3346 2012 3398 Planetarum
2027 3347 2361 3398 numeratio
2375 3343 2478 3409 ipfl
2514 3353 2590 3395 llr

2303 3414 2476 3468 Coelo
