2678 4022
105 1090 147 1125 10

105 2158 152 2192 25

109 2869 155 2905 35

371 288 675 344 TYCHO
702 289 824 342 AD
852 288 1326 344 NICOLAUM
1355 289 1767 345 CRAGIUM
1793 293 1825 345 5
1853 291 2042 346 DEC.
2071 293 2216 346 1598
2301 288 2393 345 129

193 433 421 485 Accidit
440 439 656 494 autem,
677 439 742 484 ut
762 448 834 484 eo
854 432 975 497 ipso
993 433 1086 484 die
1101 433 1448 496 BARVICIJ
1464 434 1766 500 Secretarij
1785 436 1996 487 Literae
2011 436 2087 488 ad
2101 435 2393 488 CORRA-

195 504 529 557 DUCIUM
555 506 945 569 pervenirent,
968 503 1181 568 quibus
1202 504 1451 556 Caesaris
1471 505 1745 557 resolutio
1767 507 2190 566 continebatur,
2213 522 2395 571 quam

196 575 771 628 CORRADUCIUS
799 573 1062 627 actutum
1087 574 1332 627 Schedae
1358 575 1761 628 THADDAEI
1788 580 2028 642 propria
2054 593 2242 630 manu
2269 578 2394 630 sub-

194 645 420 710 scripfit,
451 661 703 710 eamque
732 645 913 711 sigillo
942 645 1045 697 suo
1071 648 1365 698 munitam
1387 647 1819 700 THADDAEO
1846 649 2084 710 demisit,
2111 656 2175 700 ut
2200 664 2296 700 me
2323 649 2395 700 de

194 717 497 769 voluntate
519 717 768 769 Caesaris
788 717 925 769 inde
947 719 1254 769 certiorem
1275 717 1544 769 efficeret.
1574 718 1727 782 Quae
1753 726 1954 771 autem
1981 727 2146 772 erant
2170 735 2395 781 eorum,

194 787 267 840 de
287 789 501 853 quibus
521 788 658 848 dixi,
684 787 960 840 formalia
978 789 1174 848 verba,
1203 804 1276 840 ex
1302 787 1579 840 adiundta
1599 789 1803 841 charta
1820 793 2121 855 percipies,
2150 791 2271 856 Ego
2292 794 2396 843 ita-

194 875 310 924 que
330 866 569 924 accepto
589 859 703 912 hoc
724 859 1179 912 Clementissimo
1202 859 1451 912 Caesaris
1471 860 1758 924 respons0,
1785 877 1881 912 me
1907 862 1991 913 illi
2017 862 2285 914 lubenter
2304 878 2396 915 ac-

195 930 488 995 quiescere
508 930 782 995 rescripfi;
803 947 946 983 nam
961 937 1015 982 et
1029 938 1205 983 antea
1218 931 1650 983 THADDAEO
1666 947 1769 996 per
1782 932 1979 984 literas
1994 933 2396 998 significaram,

194 1017 291 1054 me
304 1004 368 1053 111
381 1001 664 1067 superiori
678 1002 940 1054 Saxonia
956 1005 1151 1066 potius
1167 1018 1349 1067 quam
1364 1002 1604 1054 Dresdae
1622 1003 1983 1064 mansurum,
2003 1005 2190 1056 donec
2206 1005 2398 1057 morbi

194 1072 281 1124 illi
294 1073 656 1138 populariter
669 1076 732 1125 in
746 1073 1037 1125 Bohemia
1050 1075 1357 1138 grassantes
1371 1073 1709 1134 remiserint,
1726 1081 1781 1126 et
1796 1074 2015 1126 Caesari
2029 1076 2398 1127 commodius

195 1143 367 1196 fuerit
383 1160 480 1196 me
498 1160 570 1196 eo
584 1160 821 1205 vocare;
842 1161 1036 1209 neque
1058 1148 1219 1196 enim
1238 1145 1501 1209 periculo
1522 1148 1708 1197 caruit
1728 1161 1865 1197 cum
1883 1162 2018 1198 meo
2039 1147 2285 1198 iuvenili
2305 1162 2398 1199 co-

195 1218 405 1268 mitatu
424 1215 556 1268 illas
577 1231 712 1268 oras
732 1217 929 1280 passim
946 1216 1097 1280 peste
1113 1223 1168 1268 et
1182 1216 1508 1282 dysenteria
1521 1215 1762 1268 infectas
1776 1223 1915 1268 tunc
1929 1220 2164 1269 intrare.
2187 1218 2399 1283 Recepi

196 1290 395 1351 itaque
421 1303 517 1339 me
545 1302 681 1339 cum
706 1290 854 1339 meis
880 1287 998 1339 huc
1022 1288 1461 1352 Wittebergam,
1489 1288 1591 1339 ubi
1617 1287 1691 1339 D.
1714 1288 1782 1339 V.
1810 1288 2091 1353 hyemare
2119 1289 2399 1350 constitui,

196 1358 302 1410 nifi
321 1361 483 1423 prius
500 1374 538 1410 a
555 1358 805 1418 Caesare,
826 1358 1010 1423 sopita
1029 1358 1146 1410 istic
1165 1359 1264 1410 lue
1285 1359 1625 1422 Epidemica
1645 1359 1949 1411 accersitus
1969 1359 2153 1420 suem,
2176 1363 2399 1424 eritque

133 1448 148 1466 r
196 1429 345 1481 mihi
371 1429 468 1482 1116
495 1437 857 1494 oportunum
883 1432 946 1481 in
971 1430 1247 1494 operibus
1270 1433 1418 1481 meis
1439 1425 1459 1498 ΙΙ
1480 1431 1737 1482 necdum
1757 1430 2092 1496 Hamburgi
2112 1432 2187 1483 ob
2207 1431 2398 1496 Typo-

197 1500 559 1565 graphorum
577 1504 934 1566 imperitiam
954 1508 1009 1553 et
1028 1504 1386 1566 paucitatem
1407 1501 1585 1566 plane
1607 1501 1870 1553 absoluta
1889 1501 2068 1567 Typis
2089 1502 2400 1567 complere.

198 1571 423 1624 Habito
444 1571 624 1624 1116111
645 1573 885 1633 aedibus,
908 1588 1043 1636 quae
1065 1573 1209 1624 olim
1230 1579 1396 1625 erant
1416 1576 1656 1637 optimae
1676 1573 2099 1625 recordationis
2113 1576 2223 1625 viri
2240 1574 2400 1625 PHI-

198 1643 390 1694 LIPPI
423 1643 1091 1704 MELANCHTONIS,
1124 1660 1284 1696 nunc
1318 1644 1691 1696 CASPARIS
1723 1644 2075 1704 PEUCERI,
2108 1645 2402 1709 inquilino

198 1729 407 1766 earum
428 1715 608 1766 modo
630 1714 902 1766 existente
923 1715 1188 1767 Domino
1210 1713 1466 1767 Doctore
1488 1715 1873 1767 IOHANNE
1892 1716 2249 1768 IESSENIO
2270 1715 2402 1767 Phi-

198 1785 444 1850 losopho
469 1792 524 1837 et
547 1786 786 1838 Medico
815 1789 1049 1847 eximi0,
1077 1789 1179 1850 qui
1204 1802 1300 1838 me
1326 1787 1716 1850 perlubenter,
1743 1789 1865 1838 imo
1891 1803 2015 1838 non
2041 1787 2158 1839 fine
2185 1788 2402 1852 gaudio

198 1857 275 1909 ad
302 1856 358 1909 se
387 1859 620 1921 recepit,
651 1864 706 1909 et
734 1859 1080 1922 potissimam
1109 1858 1331 1910 aedium
1358 1864 1586 1922 partem
1614 1873 1722 1922 pro
1750 1873 1847 1909 me
1877 1873 2130 1922 meaque
2159 1858 2402 1919 familia,

199 1943 382 1992 quam
395 1928 499 1980 diu
511 1928 783 1989 lubuerit,
800 1929 1250 1981 inhabitandam
1262 1929 1513 1994 benigne
1529 1930 1804 1981 concessit.
1826 1929 2001 1981 Adest
2015 1930 2403 1982 commoditas

198 2015 307 2064 pro
334 1999 835 2052 observationibus
862 2001 1294 2060 continuandiS‚
1323 2000 1570 2064 suntque
1599 1999 1748 2052 mihi
1774 2000 1850 2052 ad
1874 2015 2090 2052 manus
2119 2001 2216 2052 1116
2243 2017 2402 2065 quae-

200 2071 340 2123 dam
354 2086 427 2122 ex
440 2074 589 2123 meis
604 2071 1019 2132 InstrumentiS‚
1036 2087 1172 2136 quae
1186 2074 1249 2122 in
1263 2071 1617 2123 Bohemiam
1630 2087 1866 2123 mecum
1879 2071 2106 2123 sumere
2122 2072 2401 2124 constitui.

201 2141 291 2193 ER
311 2144 489 2194 etiam
508 2142 674 2194 locus
693 2158 802 2207 pro
821 2142 1181 2195 laboratorio
1195 2143 1604 2208 PyronomicO,
1625 2146 1688 2194 in
1709 2158 1829 2207 quo
1850 2143 2158 2203 nonnulla,
2180 2146 2405 2195 interea

201 2213 345 2265 dum
370 2213 467 2265 hic
492 2213 636 2273 sum,
662 2229 873 2277 parare
900 2217 1138 2266 animus
1165 2214 1255 2275 est,
1282 2220 1494 2278 praeter
1520 2230 1607 2275 ea,
1636 2230 1771 2278 quae
1794 2216 1957 2279 prius
1976 2214 2405 2279 Wandelburgi

201 2282 464 2337 confecia
483 2287 547 2336 in
565 2291 803 2349 promtu
822 2284 1034 2337 habeo.
1056 2285 1255 2337 Caesar
1274 2287 1434 2336 enim
1450 2285 1664 2337 talibus
1682 2285 1939 2350 impense
1955 2284 2287 2346 delectatur,
2310 2301 2403 2338 ea-

201 2371 317 2420 que
351 2358 604 2421 proprijs
635 2356 912 2408 manibus
943 2356 1146 2417 versat,
1182 2372 1307 2408 non
1341 2359 1540 2408 minus
1574 2372 1756 2421 quam
1789 2356 2231 2417 Mathematica‚
2269 2372 2405 2421 quae

200 2427 382 2492 probe
402 2427 668 2492 intelligit
689 2434 745 2479 et
764 2427 895 2493 alijs
914 2427 1165 2492 praefert.
1194 2427 1453 2492 Ideoque
1473 2431 1656 2488 aiunt,
1681 2427 1871 2492 ipsum
1884 2443 2107 2493 magno
2127 2431 2246 2479 mei
2266 2428 2403 2480 defi-

203 2498 366 2550 derio
385 2501 588 2559 teneri,
616 2499 767 2551 adeo
787 2505 852 2550 ut
871 2501 934 2550 in
953 2499 1169 2560 locum,
1195 2515 1314 2563 quo
1335 2515 1494 2551 nunc
1514 2499 1735 2560 secessit,
1763 2499 2027 2551 Podebra
2048 2498 2282 2560 dictum,
2310 2515 2405 2551 me

201 2569 278 2621 ad
303 2569 359 2621 se
386 2569 692 2630 accersere,
719 2577 783 2622 ut
810 2571 1070 2634 quotidie
1096 2570 1213 2622 istic
1239 2570 1324 2621 illi
1351 2571 1614 2631 adessem,
1637 2570 1905 2631 voluerit,
1933 2573 2054 2622 iam
2073 2578 2406 2635 praeparato

201 2655 309 2704 pro
335 2656 431 2693 me
459 2648 514 2693 et
538 2644 687 2693 meis
713 2641 914 2706 amplo
941 2641 1208 2706 hospiti0,
1234 2641 1331 2694 sed
1357 2642 1813 2694 increbrescente
1838 2641 2006 2706 pestis
2031 2641 2408 2694 vehementia

202 2714 266 2763 in
290 2711 395 2764 illa
418 2715 653 2772 vicinia,
683 2715 764 2764 ita
790 2719 854 2764 ut
880 2713 1107 2777 aliquot
1134 2713 1307 2765 bruta
1336 2715 1666 2765 animantia
1694 2712 2087 2773 inficerentur,
2118 2713 2189 2764 de
2219 2720 2406 2764 muta-

202 2785 362 2835 tione
382 2783 498 2835 loci
518 2786 805 2849 cogitavit,
826 2787 908 2836 ita
927 2791 991 2836 ut
1010 2791 1113 2836 aut
1127 2787 1189 2835 in
1204 2784 1481 2844 Silefiam,
1503 2792 1606 2836 aut
1620 2784 1872 2850 Styriam
1893 2791 1995 2835 aut
2016 2787 2192 2836 etiam
2210 2784 2408 2836 versus

204 2853 443 2919 Insbrug
461 2854 517 2906 se
537 2858 795 2919 recipere
816 2862 1069 2919 cuperet,
1095 2854 1294 2908 relicla
1318 2855 1625 2916 Bohemia,
1652 2856 1832 2907 modo
1858 2856 1917 2907 id
1944 2862 2136 2906 tutum
2161 2855 2325 2914 foret,
2354 2862 2408 2906 et

204 2925 278 2976 ab
293 2925 571 2990 indigena
585 2926 906 2978 Nobilitate
920 2927 1267 2991 permissum.
1289 2927 1486 2991 Atque
1500 2926 1639 2978 hinc
1655 2929 1832 2978 etiam
1846 2924 2079 2986 facium,
2098 2933 2161 2977 ut
2176 2926 2407 2990 respon-

141 3014 163 3032 v
206 2995 333 3047 sum
362 2996 434 3047 de
462 3012 559 3048 me
588 2996 938 3060 aliquandiu
969 2998 1363 3050 retardaretur
1394 2993 1415 3065 ΙΙ
1449 2998 1726 3062 quodque
1760 2997 2112 3048 eiuscemodi
2141 2997 2316 3060 quale
2346 3000 2408 3048 in

206 3066 410 3119 charta
420 3067 584 3118 vides
599 3071 941 3132 acceperim.
955 3069 1160 3121 Adfuit
1173 3068 1322 3120 mihi
1336 3069 1577 3121 Dresdae
1593 3068 1793 3120 doctor
1807 3068 2231 3120 IOHANNES
2248 3067 2407 3120 GOE-

207 3137 723 3191 DELMANNUS
754 3138 1137 3191 Confiliarius
1167 3140 1511 3200 SaxonicuS‚
1543 3139 1920 3192 CHYTRAEI
1949 3154 2143 3203 gener,
2176 3141 2248 3204 ijs
2276 3139 2408 3203 ipfis

207 3209 430 3269 diebuS,
452 3210 694 3273 quando
709 3209 934 3261 Dresda
953 3210 1101 3262 mihi
1121 3210 1464 3262 abeundum
1483 3211 1606 3270 fuit,
1627 3213 1676 3261 is
1698 3213 1847 3261 inter
1868 3209 1987 3261 alia
2006 3209 2153 3261 mihi
2174 3211 2331 3269 dixit,
2353 3209 2408 3261 se

207 3279 426 3344 Pragae‚
448 3281 607 3332 unde
628 3296 818 3344 nuper
837 3282 1173 3342 advenerat,
1195 3298 1232 3334 a
1251 3281 1557 3347 fidedignis
1578 3282 1867 3341 audivisse,
1891 3281 2187 3333 Caesarem
2203 3284 2268 3332 in
2283 3288 2407 3332 tan-

206 3357 334 3402 tum
356 3366 559 3403 meum
580 3353 904 3416 expetivisse
925 3353 1263 3414 adventum,
1291 3359 1354 3404 ut
1380 3353 1510 3404 haec
1530 3353 1710 3404 verba
1735 3354 2161 3416 pronunciarit:
2194 3351 2301 3404 »Si
2314 3350 2409 3417 so-

356 3433 398 3468 17
2095 3423 2411 3474 Iummodo
