2678 4022
155 294 458 347 TYCHO
486 294 607 346 AD
636 294 788 346 IOS.
815 294 1392 347 SCALIGERUM
1420 296 1481 348 17
1508 296 1670 348 VEL
1697 296 1771 348 23
1797 296 1998 349 AUG.
2027 297 2172 349 1598
2264 297 2355 349 107

155 436 232 488 ad
253 436 569 488 Meridiem
595 435 956 501 fingulorum
982 435 1212 487 dierum
1238 436 1417 488 huius
1444 437 1693 490 labentis
1713 439 1877 490 Anni
1903 440 1966 490 in
1991 438 2356 504 longitudine

155 508 423 559 locorum
450 507 518 560 37
544 510 801 571 partium
829 507 1254 570 expedientem.
1283 508 1425 559 Inde
1452 509 1528 560 ad
1554 508 1751 573 plures
1772 509 2183 562 antecedentes
2204 516 2259 561 et
2278 509 2356 561 se-

157 579 685 643 quenteseundem
714 580 868 630 intra
896 593 1086 629 unum
1115 578 1209 629 vel
1238 578 1490 630 alterum
1517 580 1821 632 Minutum
1849 580 2132 641 derivare,
2164 583 2358 646 exigui

157 650 232 702 est
251 649 485 702 laboriS.
513 650 592 700 At
611 649 653 700 fi
672 648 966 714 praecifius
986 648 1146 701 hunc
1166 651 1369 701 rimari
1389 649 1660 710 lubuerit‚
1682 658 1844 703 utere
1865 654 2013 704 meis
2032 651 2275 704 Tabulis
2296 655 2359 703 in

85 741 106 774 5
156 727 323 773 motu
342 720 510 780 Solis,
538 736 687 785 quas
713 726 856 785 puto
881 727 937 771 te
963 722 1026 771 in
1052 723 1240 784 capite
1266 720 1369 772 illo
1395 724 1588 785 primo
1608 722 1681 773 de
1702 723 1994 775 curriculo
2019 722 2178 775 illius
2198 739 2235 775 a
2254 739 2358 775 no-

155 792 244 844 bis
263 791 518 844 restituto
540 791 979 856 (undecumque
997 791 1236 843 tandem
1254 798 1449 844 tecum
1467 793 1926 857 communicato)
1948 795 2234 859 accepisse.
2257 794 2359 847 Sin

155 865 371 923 minuS,
401 862 585 915 habes
611 862 708 914 hic
733 866 796 914 in
822 878 1063 914 omnem
1091 869 1370 915 eventum
1396 867 1849 927 quaternionem
1876 867 2004 917 eius
2030 865 2257 917 calculo
2284 865 2359 917 ad

155 937 430 998 proxima
449 933 676 999 aliquot
695 934 889 986 secula
907 933 1307 986 sufficientem.
1330 934 1505 986 Mitto
1523 935 1757 999 insuper
1774 935 1960 987 alium
1976 936 2208 997 librum,
2231 937 2359 988 Me-

59 1037 63 1043 ·
158 1005 407 1058 chanica
425 1005 818 1057 Astronomiae
844 1005 1037 1057 nostra
1063 1003 1562 1070 complectentem,
1590 1022 1768 1070 quem
1794 1013 1995 1059 tamen
2015 1008 2221 1059 ordine
2247 1010 2360 1072 pri-

67 1097 109 1131 ιο
157 1092 324 1128 mum
352 1076 553 1128 statuo,
588 1077 674 1128 Eo
706 1075 960 1141 inspecto
993 1092 1117 1128 non
1146 1076 1385 1128 obscure
1419 1077 1744 1137 aestimabiS,
1779 1085 2004 1142 quanto
2035 1079 2359 1138 molimine,

158 1154 499 1212 quantaque
527 1147 826 1212 diligentia
851 1147 994 1200 talia
1018 1147 1330 1200 tractarim.
1359 1148 1428 1199 Et
1447 1148 1488 1199 fi
1508 1148 1763 1200 lubuerit
1785 1165 1976 1200 unum
1995 1149 2090 1201 vel
2110 1149 2362 1202 alterum

158 1219 612 1271 Instrumentum
642 1220 717 1271 ad
746 1219 921 1271 instar
947 1234 1156 1271 eorum
1182 1218 1394 1271 confici
1420 1235 1644 1280 curare,
1674 1219 1859 1272 habes
1887 1220 2032 1272 inibi
2059 1221 2282 1272 Idaeam
2309 1226 2363 1272 et

158 1290 344 1342 usum.
372 1290 500 1342 Nec
527 1293 686 1342 enim
711 1290 919 1343 inutile
944 1290 1109 1351 foret,
1137 1290 1178 1341 fi
1204 1291 1543 1343 Sextantem
1570 1293 1914 1356 quempiam
1939 1307 2046 1356 pro
2074 1291 2362 1357 Syderum

159 1362 438 1427 distantijs
453 1368 508 1413 et
522 1361 932 1425 Quadrantem
949 1362 1110 1414 iustae
1127 1362 1549 1427 magnitudinis
1569 1378 1677 1427 pro
1698 1363 2025 1415 eorundem
2045 1363 2363 1415 altitudini-

69 1453 111 1487 15
160 1433 269 1485 bus
289 1434 659 1485 dimetiendis
678 1433 780 1485 tibi
800 1436 1118 1497 paraveris.
1148 1433 1287 1496 Qua
1306 1436 1368 1485 in
1388 1449 1451 1485 re
1476 1436 1946 1498 praenominatus
1966 1433 2064 1485 ille
2084 1433 2365 1486 studiosus

160 1504 373 1556 Danus
392 1511 515 1556 tam
536 1505 735 1568 quoad
755 1504 1066 1556 divisiones
1086 1504 1474 1569 perficiendas
1492 1520 1675 1570 quam
1689 1511 1902 1557 caetera
1916 1505 2249 1557 ordinanda
2261 1505 2365 1557 tibi

160 1575 289 1627 usui
304 1576 407 1627 esse
421 1579 654 1640 poterit:
672 1578 914 1640 unaque
925 1578 988 1627 in
1000 1576 1216 1628 Praxin
1232 1575 1706 1628 observationum
1722 1591 1873 1640 opus
1887 1576 2177 1636 diducere,
2192 1582 2367 1641 prout

161 1647 320 1712 apud
334 1662 430 1698 me
445 1647 663 1706 didicit;
686 1653 952 1712 optarem
973 1650 1150 1708 enim,
1170 1647 1371 1699 multis
1387 1650 1451 1699 in
1467 1647 1611 1699 locis
1626 1647 1951 1700 coelestibus
1966 1647 2271 1712 diligenter
2284 1653 2365 1698 at-

84 1725 112 1768 ·1·
160 1718 337 1777 tendi,
359 1733 434 1770 ne
455 1718 613 1770 idem
631 1718 734 1771 fiat
754 1718 963 1778 nolim,
985 1718 1143 1782 quod
1159 1719 1231 1770 de
1246 1719 1563 1772 ROMULI
1580 1734 1712 1771 aevo
1730 1721 2110 1783 conqueritur
2124 1718 2364 1770 NASO:

67 1845 113 1879 κο
873 1826 957 1877 Et
972 1823 1370 1891 inobservata
1383 1840 1506 1892 per
1522 1839 1759 1878 annum

769 1896 1014 1964 sydera
1035 1895 1387 1949 currebant.

163 2002 265 2055 Uti
286 2004 463 2054 etiam
484 2002 667 2054 ferme
689 2003 873 2067 (quod
894 2002 1240 2066 dolendum)
1261 2019 1421 2055 nunc
1442 2003 1665 2055 accidit.

234 2073 401 2125 Facis
422 2089 660 2138 quoque
680 2074 782 2126 sub
802 2073 985 2126 finem
1005 2077 1370 2125 mentionem
1389 2076 1533 2126 anni
1554 2073 1769 2126 Liliani
1785 2073 1900 2125 five
1918 2072 2223 2138 Pontificij,
2246 2079 2367 2124 tam

163 2148 359 2208 inepte
389 2145 676 2197 constituti
704 2161 887 2210 quam
915 2146 1240 2210 approbati.
1272 2145 1470 2208 Quem
1498 2145 1630 2197 licet
1660 2144 1936 2197 omnibus
1962 2144 2078 2196 suis
2104 2146 2367 2195 numeris

70 2237 114 2270 25
163 2232 288 2268 non
300 2214 642 2269 exactissime
655 2216 1012 2268 constantem
1022 2217 1176 2281 (quis
1189 2219 1349 2268 enim
1360 2216 1474 2268 hoc
1485 2216 1813 2268 inconsulto
1826 2215 1979 2268 coelo
1990 2215 2309 2279 praestiterit
2317 2213 2366 2277 P)

164 2290 708 2339 convenientiorem
727 2294 929 2340 tamen
948 2290 1143 2352 priore
1162 2287 1268 2339 illo
1290 2290 1537 2339 omnino
1558 2287 1780 2347 cense0,
1808 2289 1910 2351 qui
1935 2293 2019 2338 tot
2042 2287 2272 2338 dierum
2293 2285 2367 2336 ob

164 2361 309 2411 anni
324 2357 775 2423 AEquinoctialis
793 2366 848 2410 et
866 2359 1081 2411 Iuliani
1102 2359 1361 2423 aliquale
1382 2359 1690 2411 discrimen
1710 2360 2193 2422 anticipationem
2213 2372 2367 2408 com-

163 2430 327 2490 misit,
349 2430 486 2482 inde
507 2430 581 2482 ab
602 2433 771 2482 initio
792 2446 1091 2482 annorum
1112 2429 1444 2490 CHRISTI,
1465 2428 1561 2482 vel
1582 2429 1668 2493 (ut
1688 2429 1773 2481 illi
1793 2428 2154 2491 maluerunt)
2176 2444 2212 2479 a
2233 2443 2368 2479 con-

166 2501 300 2553 cilio
321 2501 570 2553 Niceno.
598 2501 811 2566 Neque
837 2508 960 2554 tam
984 2501 1155 2554 facile
1181 2500 1417 2566 posthac
1443 2503 1609 2553 iuxta
1633 2501 1880 2553 modum
1903 2500 2073 2551 illum
2095 2499 2368 2564 Gregori-

71 2592 117 2626 30
166 2588 351 2625 anum
371 2573 521 2625 adeo
543 2575 802 2624 enormis
823 2574 1117 2638 divagatio
1137 2573 1446 2637 subrepere
1463 2572 1664 2637 potest;
1685 2571 1780 2623 sed
1796 2571 1883 2635 (ut
1897 2572 2089 2623 dicam
2105 2570 2264 2635 quod
2279 2585 2370 2621 res

166 2643 263 2707 est)
296 2643 426 2695 haec
458 2643 687 2696 summa
718 2644 1057 2708 praecifione
1091 2644 1155 2708 (fi
1184 2660 1304 2708 qua
1332 2643 1481 2696 foret
1509 2642 1842 2706 necessaria)
1877 2645 2158 2694 extricare
2191 2641 2371 2692 nullis

168 2714 519 2767 eiuscemodi
541 2716 905 2781 compendijs
926 2722 981 2767 et
1000 2715 1357 2767 diverticulis
1377 2715 1526 2767 licet.
1548 2714 1773 2766 Verum
1796 2713 2072 2766 habenda
2092 2712 2167 2764 est
2187 2712 2370 2776 ipfissi-

167 2801 268 2838 ma
286 2793 482 2838 motus
502 2786 801 2851 utriusque
824 2787 1135 2839 luminaris
1156 2786 1231 2838 ad
1253 2789 1480 2851 quaevis
1505 2785 1699 2837 secula
1724 2784 1944 2837 subtilis
1969 2786 2199 2843 notitia;
2228 2798 2370 2847 qua-

167 2857 286 2909 lem
305 2873 381 2909 ne
401 2857 516 2909 hoc
536 2858 776 2922 quidem
798 2864 1062 2922 tempore
1084 2873 1156 2909 ex
1176 2857 1395 2910 usitatis
1415 2857 1658 2909 Tabulis
1680 2859 1823 2908 citra
1844 2870 2022 2907 omne
2043 2857 2255 2906 erroris
2274 2868 2370 2905 ve-

74 2948 120 2982 35
169 2928 395 2993 stigium
422 2936 783 2993 compertam
809 2929 1115 2981 habemus.
1144 2929 1225 2981 Ut
1250 2930 1424 2993 primi
1445 2927 1667 2980 Mensis
1692 2927 1872 2979 huius
1894 2927 2056 2977 Anni
2077 2928 2139 2976 in
2160 2924 2295 2977 Sole
2317 2931 2372 2975 et

170 3000 342 3051 Luna
361 2999 436 3051 ad
456 2999 885 3064 longitudinem
910 3000 1024 3052 loci
1044 3000 1112 3053 35
1133 3003 1390 3065 partium
1410 3015 1442 3051 e
1462 2999 1667 3051 nostris
1691 2996 2296 3050 animadversionibus
2317 3001 2373 3046 et

169 3070 412 3122 Tabulis
445 3069 757 3124 subductus
793 3071 1070 3131 calculus,
1106 3078 1283 3136 atque
1320 3086 1456 3122 cum
1487 3069 1870 3135 Alphonfinis
1903 3074 1958 3119 et
1991 3067 2372 3131 Coperniceis

170 3144 435 3193 numeris
461 3141 708 3194 collatus
735 3142 937 3206 (quem
964 3145 1141 3194 etiam
1168 3145 1231 3194 in
1257 3141 1518 3206 quadam
1544 3141 1763 3199 charta,
1791 3146 1854 3190 ut
1880 3138 2018 3190 hinc
2045 3145 2256 3190 caetera
2282 3153 2370 3188 ra-

170 3215 440 3265 tiocinari
470 3228 671 3277 queaS‚
702 3213 969 3276 adiunxi)
999 3220 1054 3265 te
1085 3213 1364 3265 edocebit.
1396 3213 1548 3264 Haec
1578 3214 1766 3276 igitur,
1797 3225 1933 3275 quae
1960 3225 2120 3261 nunc
2144 3211 2372 3260 mittere

78 3302 123 3336 40
172 3284 554 3336 commodum
573 3283 697 3344 fuit,
718 3284 859 3336 boni
880 3284 1132 3336 consule.
1154 3284 1520 3348 Subiungam
1533 3283 1637 3334 suo
1651 3289 1931 3346 tempore,
1952 3280 2185 3332 favente
2201 3279 2373 3331 coele-

172 3355 339 3407 stium
356 3355 600 3419 opifice,
622 3355 694 3406 de
715 3355 1039 3407 coelestibus
1059 3355 1231 3419 plura
1252 3361 1306 3406 et
1326 3357 1572 3406 maiora.
1595 3354 1664 3404 Et
1685 3354 1958 3417 quamvis
1977 3350 2131 3402 hisce
2150 3350 2372 3472 serigri-

319 3436 382 3471 ιν
2304 3435 2374 3471 us
