2678 4022
315 302 385 354 32
849 301 1287 354 EPISTOLAE
1312 300 1982 355 ASTRONOMICAE

315 443 869 497 TEGNAGLIUM
898 442 1046 494 mihi
1075 442 1454 495 domesticum
1481 449 1536 495 et
1561 459 1713 495 meae
1741 459 1772 496 e
1800 444 2003 496 Dania
2027 446 2393 510 migrationis
2420 460 2512 496 co-

314 519 517 567 mitem
545 518 608 566 in
637 516 946 566 Bataviam
976 513 1325 579 ablegarem‚
1359 530 1484 566 non
1511 517 2015 567 intermittendum
2044 516 2202 575 duxi,
2236 518 2382 580 quin
2411 515 2513 568 ali-

316 587 456 651 quid
476 586 678 638 saltem
698 586 774 637 ad
793 591 847 636 te
868 585 1195 637 litterarum
1216 586 1436 646 darem,
1457 592 1586 637 utut
1600 588 1722 637 iam
1737 587 1903 637 essem
1918 588 2396 651 occupatissimuS.
2419 587 2515 639 Ad

316 657 475 721 quod
501 673 597 708 me
625 659 802 708 etiam
829 672 953 708 non
978 659 1295 708 minimum
1325 659 1591 708 invitavit
1621 657 2155 709 excellentissimum
2182 664 2236 710 et
2261 658 2514 710 laborio-

315 728 581 780 fissimum
601 727 746 779 illud
767 743 917 792 opus
937 735 1107 779 tuum
1127 728 1585 793 redintegratum
1599 728 1671 780 de
1685 727 2049 793 Temporum
2069 729 2513 789 Emendatione,
2564 746 2586 781 ⁵

316 800 474 863 quod
489 799 581 850 his
594 798 726 864 ipfis
742 798 947 851 diebus
962 802 1220 863 primum
1234 802 1449 864 accepi,
1471 805 1648 863 atque
1667 806 1957 864 quantum
1970 816 2074 865 per
2087 803 2323 866 negotia
2336 800 2514 861 licuit,

313 870 668 934 perlustravi.
692 870 820 922 Nec
839 871 1061 934 possum
1080 870 1214 922 satis
1233 873 1437 922 mirari
1458 868 1725 923 exac'tam
1743 877 1909 922 tuam
1929 874 1992 923 in
2013 887 2084 923 eo
2102 872 2516 924 concinnando

315 942 692 1007 diligentiam,
712 944 841 1005 pari
861 941 1079 993 iudicio
1100 948 1277 1006 atque
1297 943 1626 994 eruditione
1645 940 2035 995 coniundtam.
2058 942 2248 995 Debet
2262 943 2365 995 tibi
2379 943 2516 995 sane

313 1012 409 1064 vel
428 1028 535 1077 pro
556 1012 669 1064 hoc
689 1012 811 1064 solo
831 1012 1033 1065 labore
1056 1012 1142 1084 (ut
1162 1019 1405 1065 caeteros
1425 1012 1558 1065 illos
1578 1013 2037 1078 praeclarissimos
2058 1029 2095 1066 a
2113 1020 2169 1066 te
2188 1013 2517 1066 exantlatos

313 1083 684 1149 praeteream)
707 1087 901 1136 omnis
921 1084 1220 1149 posteritas
1241 1084 1555 1137 immensas
1577 1087 1809 1150 gratiaS,
1838 1085 1997 1150 quod
2023 1092 2358 1150 temporum
2379 1100 2515 1150 epo-

315 1155 456 1207 chas
472 1162 527 1207 et
540 1158 799 1207 rationes
819 1162 942 1207 tam
962 1155 1162 1208 sedulo
1185 1162 1239 1207 et
1257 1155 1538 1208 subtiliter
1558 1158 1841 1209 extricare
1864 1156 2137 1209 volueris,
2160 1157 2287 1209 Nec
2309 1172 2516 1209 curan-

315 1227 458 1278 dum
476 1226 517 1278 fi
538 1229 640 1291 qui
668 1227 774 1291 (uti
797 1226 882 1291 fit)
910 1230 1290 1279 inveniantur
1315 1229 1526 1293 ingrati
1547 1227 1717 1288 Zoili,
1746 1227 1952 1292 quales
1980 1234 2034 1280 et
2059 1226 2344 1281 hadienus
2370 1244 2517 1280 non-

313 1298 510 1350 nullos
530 1297 795 1359 habuisti,
817 1301 965 1363 quie
981 1297 1538 1351 contradidtionibus
1558 1299 1782 1351 famam
1800 1302 2008 1351 venari
2026 1299 2308 1364 satagunt,
2329 1299 2425 1352 sed
2446 1315 2519 1351 ex

314 1369 433 1421 alto
455 1369 907 1434 despiciendum.
930 1370 1202 1431 Memini,
1223 1386 1319 1422 me
1334 1386 1470 1422 cum
1485 1370 1560 1422 ad
1576 1371 1875 1435 quendam
1891 1386 2100 1423 eorum
2112 1369 2262 1422 mihi
2276 1370 2517 1422 Heidel-

313 1441 490 1506 berga
509 1440 852 1493 scribentem
871 1441 1091 1493 litteras
1112 1441 1363 1506 responsi
1382 1441 1514 1493 loco
1536 1442 1756 1503 darem,
1779 1442 1850 1494 de
1870 1448 1925 1494 te
1946 1442 2134 1507 ipsum
2151 1441 2455 1506 (liquidem
2469 1444 2519 1493 is

315 1512 680 1564 occafionem
711 1512 1066 1576 praebuerat)
1101 1513 1337 1565 discrete
1370 1512 1745 1575 admonuisse,
1779 1519 1843 1565 ut
1874 1519 1929 1565 te
1961 1519 2183 1578 tuaque
2215 1512 2520 1577 suspiceret

313 1586 509 1648 potius
540 1599 722 1648 quam
750 1583 1064 1645 vellicaret,
1095 1591 1272 1648 atque
1302 1600 1339 1636 a
1366 1584 1580 1636 talibus
1611 1583 2167 1637 contradictionibus
2197 1584 2518 1645 abstineret,

313 1654 409 1706 vel
428 1655 503 1707 ad
524 1657 842 1707 minimum
861 1661 925 1707 ut
944 1655 1258 1707 modestius
1280 1662 1334 1707 et
1353 1658 1567 1707 maiori
1590 1656 1948 1708 verecundia
1971 1671 2096 1708 rem
2120 1662 2330 1721 ageret.
2360 1655 2520 1720 Quid

314 1726 428 1777 hoc
448 1724 618 1791 pad'to
637 1727 797 1791 apud
817 1726 1006 1791 ipsum
1025 1726 1390 1791 profecerim,
1412 1729 1636 1792 ignoro.
1659 1727 1821 1779 Nam
1834 1727 2031 1792 postea
2044 1729 2196 1779 inter
2209 1742 2320 1779 nos
2334 1726 2521 1779 altum

314 1797 621 1849 silentium.

387 1869 596 1933 Reperi
619 1871 681 1920 in
705 1868 819 1920 hoc
842 1885 1001 1921 novo
1022 1875 1126 1921 tuo
1146 1869 1469 1929 volumine,
1499 1869 1642 1921 dum
1668 1869 1814 1922 illud
1842 1869 2194 1930 evolverem,
2222 1877 2278 1922 te
2304 1869 2522 1922 alicubi

315 1942 468 1992 circa
487 1939 670 1991 finem
689 1940 881 1992 facere
901 1943 1268 1992 mentionem
1288 1956 1559 1993 mearum
1580 1941 2070 2002 observationum,
2093 1956 2242 2005 quas
2262 1943 2415 1993 circa
2434 1947 2520 1992 ut-

314 2027 567 2076 rumque
581 2010 1030 2076 AEquinodlium
1050 2014 1113 2063 in
1133 2012 1335 2064 Dania
1354 2011 1555 2073 habui,
1579 2012 1791 2077 easque
1813 2028 1949 2064 cum
1966 2011 2365 2078 Hipparcheis
2386 2027 2521 2063 con·

314 2082 481 2143 ferre,
510 2089 573 2134 ut
600 2086 744 2134 anni
764 2082 1118 2148 Alphonfini
1138 2090 1249 2135 ate
1269 2099 1431 2135 nunc
1451 2084 1714 2148 assumpti
1734 2084 2203 2149 magnitudinem
2223 2083 2520 2148 probareS.

314 2154 447 2219 Ago
474 2160 674 2206 autem
700 2154 803 2206 tibi
829 2154 1085 2206 officiose
1111 2158 1343 2219 gratiaS‚
1371 2155 1531 2219 quod
1557 2162 1679 2207 tam
1705 2154 2033 2207 honorifice
2055 2161 2111 2207 et
2130 2154 2377 2207 candide
2403 2156 2523 2206 mei

316 2231 371 2276 et
399 2241 671 2277 mearum
699 2228 1115 2278 inventionum
1147 2225 1306 2278 isthic
1338 2229 1697 2287 memineris,
1733 2233 1787 2278 et
1820 2242 2112 2291 cuperem,
2146 2232 2210 2278 ut
2240 2226 2371 2278 haec
2402 2225 2524 2290 ipsa

315 2296 555 2348 uberius
576 2296 771 2349 adhuc
793 2297 1171 2361 expendereS‚
1194 2297 1553 2350 conferendo
1567 2300 1851 2349 nimirum
1865 2297 2301 2349 HIPPARCHI
2316 2311 2524 2349 omnes

317 2367 768 2430 observationeS,
795 2368 891 2420 sed
917 2371 1080 2432 prius
1100 2368 1396 2428 limitataS,
1424 2375 1488 2420 ut
1508 2368 1609 2421 fibi
1630 2371 1901 2431 invicem,
1930 2369 2129 2434 quoad
2148 2368 2277 2420 fieri
2296 2370 2522 2433 poterit,

316 2438 823 2503 correspondeant,
845 2447 947 2491 aut
966 2439 1260 2505 seligendo
1282 2455 1382 2492 eas
1403 2456 1539 2504 quae
1562 2439 1883 2493 exaCtiores
1903 2440 2280 2500 videbuntur;
2308 2439 2421 2491 hac
2440 2445 2522 2491 ta-

315 2525 455 2561 men
475 2510 739 2563 adhibita
760 2513 1050 2571 cautione,
1072 2517 1136 2562 ut
1155 2513 1204 2562 is
1225 2527 1421 2563 annus
1443 2511 1709 2563 Iulianus
1730 2517 1884 2563 retro
1905 2517 2251 2563 numeratus
2272 2510 2524 2562 eandem

317 2597 454 2633 cum
473 2581 682 2642 nostr0‚
706 2585 808 2646 qui
828 2582 1155 2642 adhibetur,
1177 2581 1394 2634 habeat
1413 2581 1672 2646 respedtu
1691 2583 1907 2635 bissexti
1926 2585 2235 2641 rationem,
2257 2584 2339 2634 ita
2353 2588 2416 2633 ut
2429 2580 2525 2633 vel

317 2651 495 2704 ambo
515 2652 621 2704 fint
641 2653 943 2705 bissextiles
963 2654 1059 2704 vel
1079 2656 1297 2718 pariter
1317 2653 1456 2706 hinc
1476 2660 1911 2706 removeantur.
1934 2654 2192 2718 Ideoque
2207 2652 2401 2704 nostra
2412 2651 2524 2704 Ta-

316 2723 473 2775 bella
501 2724 800 2788 utriusque
827 2723 1206 2790 AEquinodtij,
1238 2740 1420 2789 quam
1448 2740 1479 2776 e
1505 2727 1699 2790 primo
1726 2728 1914 2790 capite
1940 2723 2526 2790 Progymnasmatum

317 2794 862 2847 Astronomicorum
884 2796 1226 2861 assumpfisti,
1255 2811 1357 2848 eos
1379 2812 1571 2848 annos
1592 2799 1870 2848 continue
1893 2795 2142 2855 exhibet,
2171 2797 2274 2860 qui
2300 2794 2374 2847 ab
2402 2810 2525 2846 uno

318 2868 380 2916 in
401 2865 653 2918 alterum
671 2866 1008 2918 bissextilem
1028 2867 1427 2919 includuntur.
1449 2867 1721 2920 Pluribus
1743 2870 1903 2919 enim
1923 2882 2073 2931 opus
2090 2882 2215 2918 non
2232 2872 2372 2927 erat,
2393 2865 2526 2918 licet

317 2936 536 2988 multos
562 2944 850 3001 praeterea
874 2941 937 2990 in
963 2944 1240 3003 promptu
1267 2938 1524 2990 habeam
1549 2940 1766 3003 pariter
1791 2938 1892 2990 fibi
1915 2940 2171 2990 invicem
2192 2936 2525 3001 correspon-

319 3008 537 3060 denteS.
569 3009 914 3073 Optandum
934 3009 1071 3061 sane
1092 3008 1256 3069 foret,
1284 3016 1348 3061 ut
1367 3016 1592 3061 veteres
1618 3024 1824 3074 parem
1843 3011 1907 3060 in
1926 3008 2019 3060 his
2044 3008 2414 3073 praestitissent
2434 3023 2525 3060 ac-

320 3082 703 3139 curationem,
735 3081 895 3144 quod
924 3086 1126 3132 tamen
1156 3079 1230 3131 ab
1259 3082 1331 3145 ijs
1360 3079 1578 3132 fastum
1605 3096 1729 3131 non
1756 3081 1875 3140 esse,
1905 3082 2161 3144 propriae
2190 3095 2398 3131 eorum
2424 3094 2525 3141 an-

319 3153 669 3211 notationeS,
700 3158 763 3202 ut
794 3157 857 3203 tu
888 3167 1126 3215 quoque
1158 3166 1281 3202 non
1310 3153 1529 3203 iniuria
1558 3153 1771 3216 arguiS,
1802 3151 2080 3215 produnt;
2111 3154 2314 3215 utique
2340 3152 2526 3215 magis

319 3220 628 3272 indubiam
661 3222 825 3273 Anni
859 3222 1124 3274 Coelestis
1156 3224 1465 3282 rationem,
1499 3222 1698 3286 quoad
1729 3225 1980 3274 minima
2011 3227 2330 3281 momenta,
2367 3236 2526 3272 nunc

321 3290 738 3353 obtineremus,
760 3293 1080 3357 praesertim
1094 3292 1135 3343 fi
1150 3308 1186 3344 a
1203 3292 1471 3356 pluribus
1485 3292 1827 3345 Artificibus
1846 3309 1951 3358 per
1970 3293 2196 3357 aliquot
2215 3291 2528 3356 interlapsa

319 3361 513 3414 secula
539 3378 631 3414 res
659 3378 971 3427 nunquam
1001 3363 1177 3415 hians
1206 3370 1308 3415 aut
1334 3363 1673 3416 claudicans
1701 3364 2084 3429 comprobata
2110 3364 2251 3415 esset.
2284 3362 2447 3485 Qssin
2474 3369 2528 3414 et

2216 3440 2348 3485 utro
2390 3435 2527 3498 ique

2570 1102 2612 1137 10

2572 1458 2614 1493 15

2570 1813 2616 1848 20

2571 2170 2618 2204 25

2574 2881 2621 2916 35

2575 3235 2623 3270 40
