2678 4022
123 1120 165 1155 10

276 320 580 373 TYCHO
607 321 728 372 AD
757 320 824 373 C.
853 320 1707 375 LONGOMONTANUM
1734 323 1808 375 24
1836 323 2099 375 MART.
2128 324 2274 376 1598
2346 324 2415 377 35

213 465 352 522 iam,
378 464 462 514 mi
483 460 1027 523 CHRISTIERNE,
1055 478 1131 514 ne
1156 462 1330 515 fallas
1357 462 1845 528 exspectationem
1870 480 2085 526 meam,
2111 465 2207 517 sed
2234 481 2416 530 quam

213 536 470 598 primum
501 539 556 585 te
585 532 683 584 hic
711 532 879 585 fistaS.
913 533 1186 586 Invenies
1214 549 1311 586 me
1340 536 1572 587 vicissim
1603 543 1850 601 gratum,
1880 543 1944 588 ut
1973 536 2152 589 huius
2181 552 2289 602 pro
2319 552 2415 588 me

213 604 454 669 suscepti
473 606 696 656 itineris
716 610 772 656 te
793 606 1142 669 neutiquam
1161 608 1461 669 poeniteat.
1487 605 1667 658 Sume
1688 614 1882 659 tecum
1904 607 2206 672 exemplar
2227 608 2415 672 Ephe-

214 676 509 728 meridum
528 691 824 727 novarum
839 676 914 727 N.
931 675 1397 728 EVERHARDI
1418 691 1450 728 e
1470 680 1641 729 novis
1663 678 1750 741 (ut
1769 676 2009 743 iaclitat)
2023 678 2267 731 Tabulis
2287 679 2416 744 sup-

214 753 569 812 putatarum,
591 746 751 811 quod
770 746 902 799 illas
919 749 982 798 in
999 746 1201 811 aliqua
1215 747 1543 800 Academia
1562 748 1733 800 facile
1753 750 2118 811 nancisceris,
2140 756 2195 802 et
2213 750 2254 801 fi
2275 750 2416 815 quid

213 818 376 871 aliud
390 817 552 878 nosti,
574 818 734 882 quod
747 821 896 870 meis
910 817 1204 884 defiderijs
1219 821 1550 871 conveniat.
1572 819 1907 886 Hamburgi
1920 820 2016 873 hic
2029 820 2176 873 liber
2189 821 2417 873 venalis

213 905 339 942 non
353 889 444 942 eft.
461 888 618 941 Mihi
631 888 782 941 nihil
794 896 1008 954 praeter
1021 889 1210 942 solum
1225 892 1352 942 eius
1366 890 1499 942 libri
1512 891 1749 942 titulum
1760 894 1823 942 in
1835 892 2101 957 catalogo
2115 892 2417 957 hucusque

212 959 411 1013 videre
429 960 607 1013 licuit.
622 960 788 1020 Vale,
810 967 865 1013 et
879 960 1193 1022 confestim,
1215 967 1390 1025 prout
1403 962 1505 1014 tibi
1520 961 1772 1023 confid0,
1794 963 1870 1015 ad
1884 978 1995 1015 nos
2010 964 2244 1016 advola.
2266 964 2415 1029 Rap-

212 1035 318 1084 tim
337 1031 766 1097 Wanderurgi
786 1031 880 1084 die
901 1032 986 1084 24.
1009 1032 1211 1099 Martij
1235 1034 1400 1085 Anni
1420 1033 1566 1086 1598.

1760 1104 2000 1157 TYCHo
2028 1106 2274 1167 BRAHE,

1794 1191 1982 1229 manu
2001 1180 2256 1242 propria.

214 1321 289 1367 [Ex
309 1322 553 1367 aoaopgrph
590 1320 792 1358 nrcivAh
793 1320 1088 1366 oenianRgD
1092 1320 1446 1366 izioamaeDplmt
1464 1321 1782 1368 oLaneeigbki]

213 1409 610 1484 TYCHO
637 1408 1018 1481 BRAHE
1041 1409 1202 1481 AD
1218 1408 1596 1482 VITUM
1619 1409 1818 1481 VIN
1828 1409 2415 1484 SHEMIUM

572 1539 587 1546 ’”
644 1529 1327 1583 XCELLENTISSIME
1395 1530 1658 1583 Domine
1725 1529 1948 1583 Doctor
1999 1531 2418 1593 VINSHEMI,

447 1661 450 1664 ⁴
489 1658 502 1673 ¹
645 1603 853 1653 Amice
874 1601 1243 1654 honorande.
1267 1602 1488 1666 Accepi
1506 1602 1726 1654 nudius
1745 1604 1948 1654 tertius
1968 1601 2043 1654 ab
2065 1573 2418 1655 OLIGERO’

468 1676 520 1708 ‘s
560 1687 565 1691 ²
646 1672 838 1724 nostro
870 1672 1085 1733 literaS‚
1117 1674 1181 1725 in
1213 1673 1427 1737 quibus
1455 1673 1593 1726 facit
1623 1676 1776 1725 circa
1804 1673 2026 1726 calcem
2053 1676 2419 1726 mentionem

494 1735 526 1791 ‘C
566 1765 589 1796 a
646 1744 948 1804 librorum,
980 1747 1082 1808 qui
1107 1744 1303 1797 adhuc
1330 1745 1489 1809 apud
1515 1745 1848 1797 Dominum
1875 1745 1949 1796 D.
1974 1745 2418 1798 BOEKELIUM

424 1812 429 1828 ί
647 1815 1023 1947 fsssssssshsffi‘
1038 1831 1130 1938 {¹2¹
1132 1816 2227 1952 323233232532353132122221‘1,35
2230 1832 2418 1940 ‘1¹53ssae

217 1971 425 2008 omnes
454 1958 661 2019 tradat,
692 1965 795 2010 aut
822 1957 878 2009 se
907 1960 990 2010 ita
1017 1958 1178 2022 apud
1204 1957 1631 2011 OLIGERUM
1661 1965 1882 2023 purget,
1913 1965 1978 2010 ut
2003 1958 2066 2010 fit
2092 1966 2416 2011 contentus

216 2028 338 2093 Ego
359 2027 796 2094 consanguineo
821 2044 958 2081 meo
980 2035 1036 2081 et
1054 2028 1223 2080 affini
1248 2032 1561 2093 amicoque
1588 2031 1797 2081 intimo
1824 2030 2003 2081 deesse
2029 2045 2154 2081 non
2178 2031 2416 2094 possum,

216 2101 362 2163 quin
375 2115 688 2163 procurem
702 2100 777 2160 id,
800 2100 960 2164 quod
974 2116 1011 2152 a
1024 2116 1121 2152 me
1135 2103 1394 2165 requirit.
1416 2100 1478 2153 Si
1490 2100 1692 2164 sponte
1708 2100 2120 2154 BOEKELIUS
2137 2101 2252 2152 hoc
2269 2117 2416 2166 prae·

214 2170 359 2222 stare
372 2170 645 2233 noluerit,
662 2187 838 2237 cogor
851 2173 979 2223 iure
990 2187 1116 2223 rem
1129 2187 1317 2236 agere,
1333 2178 1463 2224 utut
1472 2172 1532 2224 id
1542 2171 1789 2224 libenter
1800 2187 1924 2223 non
1934 2171 2204 2224 facerem.
2221 2173 2383 2238 Rogo
2396 2168 2417 2240 ΙΙ

151 2263 173 2281 v
215 2244 415 2306 itaque
435 2250 811 2306 peramanter
830 2249 952 2294 tam
973 2242 1294 2295 OLIGERI
1315 2259 1498 2307 quam
1516 2258 1654 2294 meo
1675 2245 1935 2304 nomine,
1955 2243 2102 2295 velis
2123 2242 2318 2295 adhuc
2337 2243 2416 2295 se-

215 2313 335 2365 mel
363 2313 522 2378 apud
551 2314 740 2378 ipsum
769 2329 993 2379 urgere,
1024 2321 1088 2365 ut
1115 2313 1214 2366 stet
1242 2315 1540 2378 promissis.
1572 2314 2004 2375 ExcusationeS,
2033 2330 2181 2379 quas
2207 2315 2417 2366 ultimo

215 2384 475 2446 adduxit,
502 2387 601 2436 vix
627 2387 870 2450 accipiet
891 2384 1304 2446 OLIGERUS‚
1332 2401 1475 2437 nam
1498 2385 1596 2437 ille
1617 2385 1784 2437 aliter
1803 2385 1879 2438 ad
1899 2401 1995 2438 me
2015 2385 2234 2437 rettulit
2254 2401 2326 2438 ea
2345 2386 2418 2437 de

215 2471 295 2516 re,
316 2458 438 2507 imo
452 2454 758 2519 VESALIJ
773 2457 1162 2508 Anatomiam
1181 2456 1330 2508 mihi
1351 2457 1510 2508 dono
1531 2456 1703 2518 dedit,
1724 2456 1857 2509 licet
1878 2472 1984 2522 ego
2005 2457 2064 2508 id
2084 2456 2415 2516 recusarim,

215 2526 322 2578 nifi
347 2527 535 2579 alium
561 2543 633 2579 ex
658 2530 807 2580 meis
835 2528 997 2580 libris
1027 2528 1485 2592 aequivalentem
1511 2530 1638 2580 eius
1667 2528 1799 2580 loco
1826 2528 2045 2580 habere
2070 2528 2260 2580 vellet.
2291 2528 2418 2580 Nec

215 2597 385 2650 valor
410 2601 537 2650 eius
565 2599 640 2651 eft
664 2602 857 2651 maior
882 2599 978 2651 sex
1004 2599 1101 2651 vel
1125 2599 1343 2664 septem
1370 2599 1882 2659 Ioachimicorum,
1913 2599 2134 2651 etiamfi
2159 2599 2231 2651 de
2258 2614 2417 2651 novo

217 2675 463 2722 ematur.
485 2669 600 2722 Fac
619 2672 835 2735 itaque,
856 2673 940 2722 mi
957 2670 1218 2723 Domine
1232 2668 1455 2723 Doclor
1469 2670 1886 2731 VINSHEMI,
1908 2677 1971 2722 ut
1986 2670 2307 2723 OLIGERI
2322 2686 2417 2722 ex-

216 2738 531 2805 pefflationi
549 2741 796 2802 satisfiat,
819 2748 873 2794 et
892 2741 1148 2802 schedas,
1171 2758 1319 2806 quas
1339 2742 1452 2794 hac
1473 2742 1544 2794 de
1565 2757 1627 2793 re
1648 2742 1855 2794 ultimo
1874 2741 2153 2806 accepisti,
2174 2744 2416 2794 remitte.

217 2811 548 2876 Scripturus
569 2815 730 2864 enim
749 2813 876 2865 sum
895 2812 1048 2865 hisce
1070 2813 1275 2866 diebus
1294 2813 1646 2866 OLIGERO
1668 2820 1724 2865 et
1743 2816 2044 2878 negotium
2064 2813 2178 2865 hoc
2199 2812 2417 2877 expofi-

216 2889 400 2935 turus,
422 2883 586 2944 Vale,
616 2890 670 2935 et
694 2883 736 2935 fi
763 2900 898 2949 quae
925 2900 1085 2937 nova
1109 2884 1230 2945 scis,
1257 2885 1469 2937 indica.
1498 2884 1731 2949 Raptim
1755 2883 2184 2949 Wandesburgi
2211 2884 2304 2936 die
2330 2884 2416 2936 28.

217 2953 419 3019 Martij
442 2954 607 3006 Anni
627 2955 712 3007 98.
