2652 4022
96 762 118 795 5

77 1117 119 1152 10

78 1474 120 1508 15

74 1829 121 1864 20

75 2186 122 2220 25

78 2898 124 2932 35

80 3252 126 3287 40

166 318 470 371 TYCHO
498 318 620 370 AD
647 318 715 371 C.
743 317 1595 372 LONGOMONTANUM
1623 316 1799 385 12122
1825 319 2043 372 SEPT.
2072 319 2217 372 1599
2280 319 2370 371 183

168 461 550 513 concionibus
570 460 649 521 fit,
671 475 853 525 quam
874 466 938 512 ut
956 459 1012 512 se
1033 460 1541 522 collaboratorem,
1563 469 1736 526 prout
1754 477 1790 514 a
1807 477 1903 514 me
1923 460 2226 514 instructus
2247 460 2370 520 fuit,

166 532 384 584 horum
412 531 733 584 studiorum
762 531 1037 595 praebeat,
1068 538 1131 583 ut
1162 531 1438 592 existim0‚
1473 533 1761 584 adveniet.
1796 533 1967 585 Duos
1997 548 2235 597 quoque
2264 532 2371 583 stu-

167 603 358 655 diosos
383 606 445 654 in
471 602 777 668 triangulis
805 610 859 654 et
886 602 1112 654 calculo
1133 602 1405 663 versatOS,
1433 603 1505 655 fic
1532 619 1636 668 per
1657 603 2093 656 IOSTELIUM
2113 603 2373 655 nostrum

168 674 883 739 expetentes,Witteberga
896 676 1072 726 acciri
1087 689 1245 732 curo,
1264 673 1572 726 habiturus
1587 675 1956 739 postmodum
1970 675 2184 740 plures,
2199 681 2374 739 prout

168 760 318 810 opus
337 744 526 797 fuerit.
548 745 846 797 Accedent
865 744 1012 796 forte
1033 745 1187 797 ultro
1209 752 1263 796 et
1283 745 1401 810 alij.
1424 745 1585 797 Nam
1605 745 1866 797 scholam
1886 746 2371 806 Astronomicam,

166 816 608 880 multorumque
622 818 686 868 in
701 816 910 868 eadem
924 831 1152 881 operaS,
1167 816 1401 868 favente
1417 816 1736 868 coelestium
1753 817 1997 881 Opifice,
2014 817 2247 870 Caesare
2262 817 2372 868 cle-

165 888 505 939 mentissime
537 887 783 940 subsidia
814 887 1114 952 largiente,
1148 887 1219 939 de
1250 903 1409 939 novo
1443 890 1662 953 erigere
1696 888 1986 949 constitui;
2021 891 2188 940 cuius
2221 888 2372 940 usus-

166 957 387 1011 fructus
401 959 477 1011 ad
491 958 882 1023 posteritatem
902 974 1161 1018 omnem,
1182 961 1268 1010 uti
1287 958 1470 1023 spem,
1492 958 1895 1024 perseverabit,
1918 962 1980 1011 in
2001 960 2116 1011 Dei
2137 960 2373 1012 fabricae

168 1029 410 1082 coelestis
436 1029 702 1082 authoris
728 1030 994 1095 gloriam,
1026 1036 1081 1082 et
1108 1029 1358 1082 Caesaris
1384 1046 1698 1095 nunquam
1727 1033 2227 1083 intermorituram
2254 1046 2372 1082 me-

167 1104 422 1154 moriam
449 1107 504 1153 et
529 1101 891 1153 laudabilem
913 1101 1160 1161 famam;
1188 1108 1366 1166 atque
1386 1117 1462 1153 ne
1484 1117 1594 1153 nos
1615 1105 1793 1154 etiam
1814 1101 2018 1154 frustra
2039 1103 2271 1154 extitisse
2291 1109 2373 1153 ta-

167 1172 512 1237 lentumque
527 1173 807 1224 divinitus
822 1174 1146 1225 concessum
1160 1173 1567 1225 abscondidisse
1581 1189 1649 1225 ac
1663 1179 1894 1237 tempus
1909 1173 2375 1238 preciofissimum

167 1243 465 1304 inutiliter,
480 1251 544 1296 ut
557 1246 734 1296 nimis
748 1244 935 1304 multi,
958 1245 1118 1308 quod
1133 1243 1456 1296 dolendum
1472 1243 1563 1305 est,
1584 1243 1822 1304 faciunt,
1845 1246 2162 1296 contrivisse
2177 1244 2372 1296 videa·

103 1333 124 1350 v
167 1331 318 1367 mur.
340 1310 746 1383 Exop-sstarem
765 1318 957 1380 primo
973 1331 1212 1380 quoque
1227 1321 1491 1380 tempore
1507 1318 1927 1380 quaterniones
1947 1315 2250 1380 pauculos,
2274 1317 2375 1379 qui

167 1389 231 1438 in
249 1386 442 1438 Tomo
463 1386 1050 1452 Progymnasmatum
1069 1386 1400 1439 nostrorum
1418 1389 1612 1452 primo
1633 1387 2047 1447 desiderantur,
2072 1387 2272 1439 labore
2293 1394 2374 1452 ty-

169 1458 528 1523 pographico
556 1458 854 1522 compleri,
881 1457 1165 1522 fiquidem
1193 1474 1280 1518 ea,
1309 1474 1444 1522 quae
1471 1461 1701 1510 incuria
1724 1458 2187 1523 Hamburgenfis
2213 1464 2375 1523 typo-

168 1529 376 1594 graphi
395 1529 660 1593 perdidit,
688 1529 833 1589 usui,
860 1529 982 1589 sciS,
1005 1530 1108 1581 esse
1130 1537 1450 1594 nequeunt,
1478 1545 1587 1582 nec
1606 1530 1983 1594 Wittebergae
2006 1545 2078 1581 ea
2096 1530 2375 1580 recudere

170 1599 245 1652 ob
267 1600 503 1652 causam
519 1601 623 1652 tibi
639 1607 845 1652 notam
861 1601 1161 1664 placuerit.
1184 1601 1564 1652 Inveniemus
1578 1600 1748 1653 facile
1763 1604 2071 1661 rationem,
2093 1600 2194 1652 ubi
2208 1600 2377 1651 fimul

169 1671 473 1731 fuerimuS,
496 1687 616 1736 qua
637 1671 959 1732 obstaculiS‚
981 1673 1180 1736 quoad
1199 1688 1360 1724 nunc
1380 1672 1508 1724 fieri
1527 1672 1722 1736 potest,
1744 1672 2127 1732 succurratur,
2149 1678 2212 1723 ut
2232 1671 2377 1723 liber

168 1745 218 1794 is
243 1743 406 1794 brevi
432 1745 496 1794 in
520 1743 715 1794 lucem
740 1743 975 1807 prodire
1001 1744 1175 1807 possit.
1205 1743 1416 1808 Cogita
1442 1746 1602 1795 enim
1629 1750 1853 1807 quanto
1880 1759 2004 1795 non
2029 1743 2218 1794 solum
2240 1758 2376 1794 meo

170 1813 391 1866 damno
412 1821 494 1866 tot
516 1814 879 1878 exemplaria
897 1821 1019 1866 tam
1045 1814 1147 1866 diu
1173 1830 1409 1866 mecum
1435 1815 1682 1874 reservo,
1708 1814 1804 1866 sed
1832 1821 1886 1866 et
1912 1830 2095 1878 quam
2121 1814 2377 1865 aliorum

170 1884 451 1937 desiderio
466 1888 681 1945 minuS,
703 1885 846 1937 dum
860 1885 1179 1950 publicatio
1194 1884 1474 1946 differtur,
1496 1885 1794 1938 satisfacio,
1816 1886 2030 1937 Poterit
2045 1888 2222 1937 etiam
2236 1901 2377 1937 mox

169 1955 435 2021 subsequi
454 1959 648 2021 prima
667 1972 802 2021 pars
821 1956 1058 2008 secundi
1071 1956 1262 2017 Tomi,
1285 1973 1420 2021 quae
1435 1957 1507 2008 de
1524 1957 1775 2009 Cometa
1788 1958 1952 2008 Anni
1973 1957 2040 2009 77
2061 1972 2220 2008 nunc
2242 1972 2377 2008 cum

170 2027 477 2093 Apologijs
497 2027 615 2079 huc
634 2027 1059 2092 pertinentibus
1079 2027 1406 2079 luculenter
1421 2031 1552 2093 agit,
1575 2029 1762 2080 donec
1776 2027 1961 2080 altera
1974 2043 2110 2092 pars
2124 2027 2376 2092 reliquo-

170 2114 305 2151 rum
343 2097 731 2151 Cometarum
769 2115 804 2150 a
843 2099 1014 2151 nobis
1053 2098 1494 2151 observatorum
1535 2099 1947 2163 descriptiones
1986 2096 2376 2163 compled'tens

172 2169 453 2235 (quarum
476 2169 865 2222 fundamenta
890 2173 954 2222 in
979 2177 1257 2235 promptu
1282 2170 1432 2234 sunt)
1459 2169 1855 2236 subiungatur.
1883 2170 2119 2234 Eclipfis
2140 2170 2290 2222 Solis
2315 2173 2378 2221 in

171 2240 323 2293 Iulio
349 2240 529 2293 huius
554 2242 720 2292 Anni
746 2244 900 2293 circa
926 2249 1121 2293 ortum
1146 2241 1268 2293 visa
1291 2244 1440 2293 meis
1467 2241 1876 2301 instrumentiS‚
1907 2242 2109 2306 Pragae
2137 2256 2376 2305 quoque

170 2315 234 2365 in
264 2312 547 2365 turricula
577 2316 789 2364 veteris
822 2312 1068 2378 Collegij
1105 2312 1408 2365 observata
1441 2313 1516 2364 est
1550 2328 1655 2377 per
1687 2312 2143 2365 IOHANNEM
2175 2328 2378 2364 meum

171 2383 700 2449 Hamburgensem,
722 2383 1078 2436 adstantibus
1098 2383 1246 2449 alijs,
1268 2383 1775 2448 deprehensusque
1796 2383 1871 2436 est
1892 2383 2007 2444 Sol,
2030 2399 2166 2435 cum
2187 2383 2377 2435 eleva-

171 2461 330 2507 retur
348 2455 383 2506 2
401 2455 694 2520 gradibuS‚
716 2454 1122 2508 deficientibus
1141 2455 1343 2507 saltem
1362 2455 1606 2507 totidem
1625 2458 1884 2516 minutiS,
1907 2454 2069 2519 quafi
2088 2470 2274 2506 unum
2295 2455 2377 2507 di-

107 2544 123 2562 r
172 2528 355 2591 gitum
369 2527 441 2578 de
455 2526 638 2578 limbo
650 2526 847 2578 versus
859 2526 1331 2591 Septentrionem
1345 2522 1692 2594 inclina-Hm,
1709 2530 2041 2578 interventu
2063 2528 2103 2587 (ζ
2127 2526 2377 2585 amifisse,

172 2604 227 2649 et
249 2597 446 2662 postea
465 2597 762 2650 successive
783 2598 1204 2650 rotunditatem
1224 2598 1574 2663 acquifivisse
1595 2598 1949 2650 consuetam.
1978 2597 2255 2649 Elevatur
2275 2613 2376 2649 au-

170 2676 291 2720 tem
304 2669 506 2734 Pragae
520 2668 711 2733 polus,
727 2675 790 2721 ut
803 2669 1059 2733 ipsemet,
1081 2669 1226 2721 dum
1238 2669 1318 2722 ibi
1332 2684 1614 2730 morarer,
1636 2676 1758 2721 tam
1774 2685 1846 2721 ex
1861 2669 1996 2721 Sole
2012 2683 2194 2732 quam
2208 2668 2378 2719 stellis

173 2739 490 2800 observavi,
518 2740 780 2804 partibus
801 2743 1231 2805 quinquaginta
1250 2756 1327 2792 m.
1349 2741 1428 2801 43,
1452 2740 1548 2792 sed
1569 2740 1666 2793 hic
1687 2740 2004 2792 Benachiae
2027 2739 2102 2791 est
2122 2741 2379 2804 partium

173 2811 205 2863 5
219 2826 297 2862 m.
313 2811 386 2871 16,
402 2813 464 2863 in
481 2817 711 2863 tantum
731 2811 932 2863 sumus
951 2812 1049 2863 hic
1066 2812 1253 2876 Praga
1271 2811 1861 2876 septentrionalioreS,
1883 2809 2159 2862 nonnihil
2178 2817 2379 2861 tamen

173 2882 250 2934 ad
270 2889 466 2933 ortum
485 2882 683 2933 versus
704 2882 983 2943 Silefiam‚
1004 2886 1086 2935 ita
1104 2890 1168 2934 ut
1190 2883 1523 2935 Gorlicium
1544 2883 1800 2934 duorum
1819 2882 2020 2934 saltem
2042 2882 2270 2933 dierum
2290 2883 2376 2932 iti-

172 2968 314 3004 nere
328 2952 467 3004 hinc
482 2960 873 3014 removeatur,
894 2953 1160 3018 dispositi,
1177 2961 1232 3006 et
1246 2957 1373 3005 axis
1389 2954 1709 3006 coelestium
1724 2953 2165 3005 revolutionum
2179 2952 2212 3003 6
2226 2967 2377 3016 pene

172 3023 447 3088 gradibus
475 3023 573 3075 hic
601 3026 800 3076 minus
830 3024 1075 3086 elevata,
1105 3025 1406 3090 pauloque
1436 3024 1742 3078 rectiorem
1771 3025 2041 3089 praebens
2069 3022 2376 3087 sphaeram,

174 3110 357 3159 quam
387 3097 451 3145 in
483 3094 717 3147 Danico
749 3095 942 3147 nostro
974 3096 1370 3161 Uraniburgo,
1408 3096 1484 3148 ad
1521 3096 1954 3148 observationes
1986 3093 2242 3146 coelestes
2274 3094 2376 3146 ali-

175 3172 398 3230 quanto
418 3168 606 3230 magis
626 3166 914 3218 conducit.

247 3236 548 3288 Caeterum
574 3237 646 3288 de
672 3236 797 3289 fera
822 3237 924 3289 ista
949 3237 1341 3290 Dithmarfica
1369 3241 1547 3290 nimis
1574 3237 1754 3289 effera
1783 3243 1838 3289 et
1866 3237 2053 3297 bruta,
2084 3243 2147 3287 ut
2177 3236 2378 3300 aliqua

174 3306 538 3372 subiungam,
559 3307 692 3359 licet
710 3308 953 3373 indigna
972 3308 1051 3369 fit,
1073 3311 1241 3361 cuius
1261 3310 1614 3369 recordetur,
1636 3308 1795 3368 sciaS,
1816 3306 1979 3360 istam
2000 3313 2136 3359 ante
2154 3307 2378 3371 aliquot

174 3378 545 3443 septimanaS,
565 3387 740 3443 prout
757 3394 947 3443 nuper
964 3379 1181 3440 rescivi,
1203 3380 1388 3445 Praga
1401 3380 1456 3431 se
1470 3380 1806 3438 subduxisse,
1829 3378 1943 3430 five
1957 3378 2112 3430 male
2127 3377 2228 3429 fibi
2243 3393 2377 3498 {on-

2271 3463 2376 3508 eia,
