2618 3938
55 3305 168 3349 151v

683 309 1378 362 ANNOTATIONES
1405 309 1874 363 EDITORUM
2279 308 2382 361 427

246 1086 358 1130 Sint
376 1087 404 1131 3
425 1088 546 1130 loca
565 1087 618 1129 in
639 1086 1070 1140 circumferentia
1088 1085 1318 1129 terrestri
1336 1089 1394 1129 ut
1414 1086 1477 1138 D,
1499 1086 1559 1138 A,
1582 1086 1635 1128 C.
1661 1086 1736 1129 Sit
1756 1086 1847 1128 AB
1865 1089 2046 1130 tumor
2065 1087 2117 1130 in
2136 1091 2280 1131 terra
2300 1099 2384 1130 ex-

173 1158 365 1202 urgens
384 1146 438 1189 in
457 1146 888 1190 circumferentia
903 1146 1038 1188 DAC
1052 1146 1136 1188 vel
1157 1145 1479 1200 respondens
1500 1145 1962 1198 circumferentiae,
1985 1149 2037 1189 et
2056 1147 2147 1189 EA
2163 1147 2383 1190 altitudo

174 1205 328 1249 nubis
354 1205 564 1261 cognita
590 1209 642 1248 et
667 1205 887 1259 aequalis
912 1205 1110 1248 tumori
1130 1205 1236 1248 AB.
1266 1205 1404 1248 Hinc
1432 1205 1661 1259 sequitur
1687 1205 1830 1259 quod
1856 1205 2023 1248 nubes
2044 1207 2081 1248 E
2100 1206 2383 1249 imminens

174 1265 360 1308 vertici
389 1265 717 1308 existentium
746 1265 799 1307 in
825 1265 886 1315 A,
917 1264 1008 1308 ubi
1036 1264 1269 1307 decurrit
1298 1265 1367 1307 ad
1392 1264 1429 1306 F
1455 1267 1506 1307 et
1534 1264 1594 1315 G,
1624 1264 1678 1306 in
1707 1267 1827 1307 ortu
1852 1265 1937 1307 vel
1965 1266 2158 1308 occasu
2185 1266 2243 1308 fit
2266 1266 2319 1308 in
2339 1266 2384 1307 A

175 1324 509 1368 existentibus
523 1327 575 1367 et
589 1327 778 1368 contra
791 1324 844 1366 in
858 1324 1145 1367 verticibus
1160 1324 1206 1366 D
1222 1327 1274 1367 et
1288 1324 1341 1367 C.
1362 1323 1579 1378 Cognito
1594 1323 1749 1378 igitur
1759 1326 1970 1367 tumore
1984 1325 2029 1366 A
2039 1325 2091 1376 B,
2108 1325 2385 1379 cognosce-

173 1387 261 1427 tur
270 1383 433 1427 etiam
441 1384 551 1427 AD.
565 1384 696 1427 Fieri
707 1387 887 1427 autem
899 1395 1007 1427 non
1018 1383 1184 1438 potest
1193 1387 1251 1426 ut
1261 1395 1418 1426 mons
1429 1383 1475 1426 G
1485 1384 1690 1438 longius
1700 1383 1944 1426 videatur
1956 1396 2118 1437 quam
2129 1383 2384 1438 punctum

175 1442 451 1487 contactus
467 1443 758 1487 horizontis
773 1446 825 1486 et
837 1443 991 1486 nubis
1006 1443 1042 1485 F
1055 1444 1140 1486 vel
1156 1443 1216 1495 G,
1238 1454 1366 1486 cum
1385 1443 1480 1485 sint
1499 1442 1718 1486 maioris
1740 1442 2039 1486 altitudinis.
2063 1443 2167 1486 Sed
2186 1447 2384 1486 caetera

175 1514 242 1546 ex
261 1503 436 1546 literis.
460 1503 672 1558 Ignosce
692 1514 830 1546 meae
851 1502 1087 1546 infantiae
1108 1502 1251 1556 apud
1269 1502 1322 1544 T.
1347 1503 1399 1545 E.
1422 1501 1747 1546 balbutienti.

248 2215 300 2258 Si
326 2214 480 2270 igitur
504 2225 660 2257 mons
686 2213 937 2257 humilior
957 2225 1122 2267 quam
1141 2213 1309 2256 nubes
1330 2213 1508 2268 aliqua
1528 2212 1749 2256 existens
1769 2212 1972 2267 longius
1991 2212 2200 2255 videtur
2219 2224 2383 2266 quam

178 2275 402 2330 spatium
420 2277 596 2330 terraej‚
623 2273 823 2316 tumori
840 2276 999 2316 terrae
1021 2272 1352 2316 altitudinem
1371 2272 1525 2315 nubis
1545 2272 1795 2326 aequanti,
1823 2272 2031 2326 aequale
2051 2271 2381 2326 respondeat,

176 2334 378 2378 necesse
403 2333 501 2376 erit
524 2336 684 2376 terrae
711 2332 1064 2386 quantitatem
1091 2332 1251 2375 aliam
1277 2332 1392 2384 esse,
1420 2332 1495 2375 ita
1518 2334 1576 2375 ut
1601 2331 1654 2374 in
1681 2332 1807 2375 dato
1834 2331 1998 2386 spatio
2023 2334 2205 2374 tumor
2225 2334 2383 2373 terrae

178 2393 437 2437 altitudini
453 2392 606 2436 nubis
623 2393 765 2435 datae
782 2391 1104 2446 respondens
1121 2391 1296 2435 minus
1311 2391 1528 2444 crescat,
1551 2391 1694 2446 quod
1707 2392 1875 2446 polita
1887 2390 2079 2434 maiori
2093 2390 2384 2445 quantitate

175 2457 335 2497 terrae
354 2452 470 2495 fieri
489 2463 597 2495 non
617 2451 687 2495 est
707 2451 944 2495 dubium.
971 2452 1034 2493 Et
1052 2451 1175 2494 sane
1195 2451 1331 2502 dico,
1360 2462 1425 2494 ac
1447 2462 1556 2494 non
1577 2451 1680 2493 sine
1702 2451 1877 2503 causa,
1905 2451 2090 2502 multo,
2119 2451 2287 2493 multo
2314 2449 2385 2492 in-

177 2524 342 2567 quam
367 2511 629 2555 maiorem
650 2511 749 2555 esse
767 2514 928 2554 terrae
949 2510 1298 2565 quantitatem
1318 2513 1370 2554 et
1390 2510 1652 2554 ambitum
1673 2522 1835 2564 quam
1853 2508 2109 2552 hactenus
2130 2508 2385 2552 existima-

175 2575 288 2615 tum
318 2571 404 2615 est.
433 2571 567 2623 Quae
593 2571 953 2615 controversia
978 2570 1031 2613 in
1056 2570 1188 2614 locis
1214 2570 1516 2613 borealibus
1537 2573 1588 2613 et
1607 2569 1744 2613 mari
1764 2570 2042 2624 congelato
2064 2568 2219 2611 facile
2241 2568 2385 2611 inno-

176 2632 412 2683 tesceret,
440 2631 476 2674 fi
499 2631 552 2674 in
572 2630 781 2674 duobus
800 2630 932 2673 locis
952 2629 1126 2673 eidem
1147 2629 1442 2673 meridiano
1464 2627 1702 2672 subiectis
1723 2629 1943 2672 altitudo
1964 2628 2072 2682 poli
2091 2626 2275 2670 exacte
2297 2628 2385 2670 ob-

178 2691 475 2734 servaretur
494 2693 546 2733 et
564 2689 938 2733 intermedium
958 2689 1182 2744 spatium
1203 2700 1363 2732 curru
1383 2692 1588 2732 certam
1608 2689 1912 2732 mensuram
1931 2687 2161 2730 habente
2179 2690 2229 2730 et
2244 2686 2385 2741 figni-

177 2750 374 2793 ficante
394 2749 551 2793 certis
571 2749 721 2804 fignis
746 2749 1009 2792 mensurae
1036 2748 1386 2803 quantitatem
1412 2749 1783 2792 demeteretur.
1813 2748 1887 2789 Ex
1914 2758 2019 2801 quo
2046 2746 2383 2800 postmodum

177 2809 338 2853 totius
356 2812 516 2852 terrae
537 2808 803 2863 quantitas
823 2819 887 2851 ac
909 2808 1014 2851 alia
1032 2810 1289 2863 paterent.
1312 2807 1415 2851 Sed
1435 2808 1501 2851 de
1521 2807 1602 2850 his
1622 2806 1758 2850 forte
1779 2806 2019 2850 nimium.

343 2927 430 2970 DE
457 2926 1087 2970 INSTRUMENTORUM
1114 2926 1390 2969 FABRICA
1417 2925 1565 2969 CUM
1595 2924 2047 2968 GENERALITER
2073 2923 2221 2967 TUM

826 2998 1240 3040 SPECIALITER
1266 2996 1735 3040 INSTITUENDA.

252 3069 523 3122 Quantum
542 3069 596 3112 in
615 3067 804 3112 exacta
822 3068 1288 3112 instrumentorum
1309 3067 1514 3111 fabrica
1529 3078 1593 3110 ac
1609 3066 1988 3121 compositione
2004 3065 2156 3108 fitum
2174 3065 2247 3117 fit,
2270 3076 2382 3119 prae

181 3129 294 3185 alijs
320 3128 568 3173 omnibus
592 3128 646 3171 T.
675 3129 728 3171 E.
756 3128 917 3171 novit.
949 3128 1076 3171 Inde
1105 3127 1248 3171 enim
1274 3127 1515 3170 omnium
1541 3125 1970 3169 observationum
1995 3135 2154 3167 verus
2184 3122 2382 3166 fructus

180 3188 456 3243 dependet.
479 3188 703 3230 Summa
722 3187 876 3242 igitur
895 3187 1102 3230 solertia
1122 3190 1174 3230 et
1193 3184 1659 3240 circumspectione
1681 3196 1814 3239 opus
1834 3183 1946 3235 erit,
1967 3187 2025 3226 ut
2044 3194 2384 3238 praecavean-

179 3251 267 3291 tur
285 3258 510 3299 errores,
538 3250 589 3290 et
614 3247 688 3289 ita
709 3246 1076 3290 construantur
1094 3249 1152 3288 ut
1171 3248 1223 3289 et
1241 3246 1460 3288 firmum
1480 3248 1532 3288 et
1551 3244 1856 3298 expeditum
1874 3243 2027 3285 usum
2046 3242 2337 3297 praebeant.
2361 3240 2381 3300 ΙΙ

180 3307 338 3350 Volui
361 3306 514 3362 igitur
539 3306 605 3349 de
629 3306 727 3349 illis
751 3308 1020 3359 utcunque
1046 3305 1378 3360 cognoscere,
1410 3315 1515 3358 quo
1544 3315 1668 3347 mea
1695 3303 2036 3346 instrumenta
2064 3302 2133 3345 ad
2159 3302 2382 3344 modum

180 3369 396 3409 tuorum
417 3364 651 3409 exactius
671 3365 1088 3415 conformentur,
1110 3375 1208 3407 nec
1230 3364 1379 3418 spero
1399 3366 1451 3407 te
1472 3363 1525 3405 in
1544 3362 1625 3406 his
1645 3362 1775 3405 mihi
1795 3362 2113 3405 defuturum.

324 3450 392 3484 54*
