2638 3918
676 301 956 354 INDEX
981 300 1390 354 VIRORUM
1417 300 1923 354 DOCTORUM

268 441 625 493 HAGECIUS,
654 441 956 485 Thaddaeus
982 440 1262 498 (Hayeck),

197 513 437 556 medicus
450 512 838 567 imperatorum
853 512 1203 556 Maximiliani
1217 512 1263 554 II

197 587 250 628 et
280 584 540 639 Rudolphi
571 584 634 635 II,
675 587 865 628 auctor
900 584 1161 628 librorum
1199 584 1265 626 de

197 667 340 700 nova
365 656 518 699 stella
544 658 596 699 et
621 655 861 708 cometis,
889 658 1133 699 mortuus
1160 655 1209 698 d.
1242 654 1260 697 1

198 739 269 770 m.
291 726 431 782 Sept.
455 739 501 771 a.
529 726 658 770 1600.

270 797 522 850 HAGEN,
552 799 748 851 Petrus,
778 802 938 853 poeta
964 797 1266 841 carminum

199 869 643 913 Germanicorum
672 872 724 913 et
749 869 1079 922 Latinorum,
1110 871 1266 912 natus

197 941 251 984 in
289 941 535 985 Borussia
572 940 812 985 orientali
854 940 982 993 1569,
1023 943 1266 984 mortuus

198 1012 525 1067 Regiomonti
549 1012 676 1055 1620.

271 1083 700 1136 HAINZELIUS,
746 1084 972 1127 Ioannes
1016 1082 1265 1138 Baptista,

200 1156 386 1199 consul
405 1155 656 1210 Augustae
675 1154 1090 1199 vindelicorum.

271 1226 700 1279 HAINZELIUS,
741 1227 937 1279 Petrus,
978 1225 1269 1282 septemvir

198 1298 344 1342 urbis
358 1298 611 1354 eJusdem.
631 1298 999 1350 Quadrantem
1014 1309 1268 1353 magnum

200 1370 354 1425 hujus
374 1370 427 1412 in
446 1381 605 1412 usum
618 1369 802 1424 Tycho
821 1369 1116 1413 construxit
1139 1368 1266 1412 1569.

272 1440 703 1494 HANNEVALT,
722 1441 978 1493 Andreas,
1000 1443 1108 1484 nat.
1124 1441 1270 1483 circa

201 1524 401 1556 annum
422 1511 551 1565 1560,
574 1511 812 1556 minister
823 1511 1162 1567 imperatoris
1177 1512 1271 1554 Ru-

201 1583 382 1638 dolphi
396 1583 443 1626 11
462 1583 589 1636 1594,
612 1583 787 1627 eidem
802 1596 835 1627 a
849 1583 1079 1627 consiliis
1099 1582 1270 1626 interi-

201 1655 381 1700 oribus
405 1654 533 1707 1606,
555 1658 798 1699 mortuus
823 1655 950 1699 1613.

274 1726 632 1769 HANNIBAL
669 1726 1080 1770 RAIMUNDUS
1111 1725 1272 1769 Vero-

200 1798 394 1850 nensis,
417 1800 605 1841 auctor
624 1797 741 1841 libri
762 1798 827 1841 de
845 1809 988 1841 nova
1004 1798 1171 1841 stella.
1194 1796 1268 1840 Cf.

200 1873 330 1914 tom.
354 1869 426 1912 ΙΙΙ
446 1881 495 1924 p.
517 1869 604 1913 233
624 1881 738 1924 sqq.

274 1940 691 1993 HEERBRAND,
720 1940 964 1994 Iacobus,
991 1940 1270 1996 theologus

203 2011 422 2056 Lutheri
458 2015 637 2067 partes
675 2015 904 2065 secutus,
943 2015 1100 2056 natus
1141 2012 1271 2064 1521,

202 2083 603 2139 Wittembergae
635 2084 820 2127 studiis
852 2095 1075 2139 operam
1111 2083 1270 2135 dedit,

204 2155 274 2199 ad
294 2155 580 2199 concilium
592 2155 954 2199 Tridentinum
974 2155 1140 2199 misso
1160 2166 1273 2198 ver-

204 2227 274 2270 ba
298 2227 508 2282 publice
535 2227 716 2271 facere
745 2238 854 2270 non
881 2226 1041 2270 licuit.
1071 2227 1274 2270 Auctor

202 2298 301 2342 fuit
328 2298 585 2342 librorum
615 2299 921 2351 multorum,
954 2300 1109 2342 mort.
1143 2297 1270 2341 1600.

204 2369 280 2413 Cf.
303 2372 538 2414 annotat.
562 2370 631 2413 ad
650 2373 781 2414 tom.
798 2369 893 2413 VII
914 2382 963 2424 p.
986 2369 1112 2422 83‚21.

277 2441 672 2494 HEGELUND,
688 2442 884 2494 Petrus,
903 2441 1185 2496 episcopus
1199 2440 1274 2483 Ri-

204 2525 290 2568 pae
323 2512 527 2565 Daniae,
568 2515 757 2556 auctor
789 2513 1049 2556 librorum
1085 2512 1274 2556 multo-

205 2596 343 2637 rum,
364 2587 608 2628 mortuus
632 2583 760 2628 1614.

278 2655 741 2702 HEMMINGIUS.
799 2655 1053 2699 Nicolaus
1111 2655 1273 2712 (Niels

207 2726 623 2783 Hemmingsen),
654 2730 809 2770 natus
842 2726 971 2780 1513,
1003 2726 1275 2782 professor

205 2798 488 2853 theologiae
516 2797 761 2851 Hauniae,
793 2810 825 2840 a
854 2808 1075 2841 munere
1103 2809 1275 2842 remo-

205 2872 291 2912 tus
316 2871 396 2913 est
425 2868 554 2920 1579,
583 2868 706 2923 quia
726 2868 928 2912 Calvini
951 2869 1177 2913 decretis
1203 2869 1275 2912 ni-

208 2940 309 2984 mis
328 2939 511 2983 favere
533 2939 955 2989 insimulabatur,
982 2944 1171 2995 postea
1191 2952 1275 2985 ca-

206 3011 430 3055 nonicus
450 3011 729 3063 Roskildae,
750 3013 994 3055 mortuus
1019 3011 1146 3055 1600.

281 3081 741 3133 HERBERSTEIN,
767 3081 1007 3125 Adamus
1033 3082 1114 3134 de,
1141 3083 1275 3138 lega-

207 3156 292 3197 tus
319 3153 578 3208 publicus,
613 3152 948 3207 Rudolphum
977 3153 1023 3196 11
1051 3153 1276 3209 impera-

206 3227 382 3268 torem
404 3224 747 3269 Ratisbonam
774 3224 843 3267 ad
868 3224 1088 3268 comitia
1114 3225 1277 3270 comi-

207 3298 350 3338 tatus
370 3298 451 3339 est
473 3294 601 3347 1594,
622 3298 866 3339 mortuus
890 3295 1018 3339 1629.

282 3365 724 3419 HERMANNUS,
747 3366 950 3419 Daniel,
972 3369 1128 3410 natus
1147 3366 1275 3419 1530,

358 3451 404 3486 58

2298 300 2403 353 457

1337 441 1654 484 secretarius
1685 441 1821 496 regis
1852 441 2098 493 Poloniae,
2133 443 2321 483 auctor
2352 440 2406 482 li-

1338 512 1559 555 brorum
1586 512 1977 564 historicorum,
2005 515 2247 556 mortuus
2274 510 2402 555 1601.

1411 583 1800 628 HERVARTUS
1838 583 1924 626 AB
1962 582 2403 634 HOHENBURG,

1339 655 1564 698 Ioannes
1577 655 1846 710 Georgius,
1862 658 2019 698 natus
2037 654 2165 707 1553,
2182 654 2305 698 duci
2316 654 2407 697 Ba-

1337 726 1504 769 variae
1537 726 1604 768 ab
1637 726 1833 769 intimis
1866 726 2094 770 consiliis
2123 729 2175 769 et
2203 726 2408 769 cancel-

1337 797 1516 849 larius,
1544 808 1670 840 cum
1691 797 1919 852 Keplero
1946 798 2145 841 litteras
2169 808 2408 841 commu-

1337 868 1485 919 tavit,
1507 871 1750 912 mortuus
1774 868 1902 912 1622.

1412 939 1787 992 HOMELIUS‚
1835 941 2059 984 Ioannes
2096 939 2405 997 (Hummel),

1340 1015 1496 1054 natus
1538 1010 1667 1062 1518,
1709 1011 2044 1066 Argentorati
2081 1014 2133 1055 et
2169 1012 2408 1055 Wittem-

1340 1083 1519 1138 bergae
1550 1082 1733 1125 studsss
1766 1093 1987 1137 operam
2020 1082 2178 1135 dedit,
2211 1082 2410 1138 profes-

1341 1166 1431 1198 sor
1457 1154 1650 1197 artium
1681 1154 2188 1198 mathematicamm
2215 1153 2408 1209 Lipsiae

1346 1226 1474 1277 1551,
1497 1228 1740 1269 mortuus
1764 1225 1891 1268 1562.

1415 1296 1763 1348 HORSTIUS‚
1806 1296 2123 1346 Dethardus,
2164 1299 2320 1340 natus
2357 1297 2410 1340 in

1343 1368 1505 1411 Frisia
1526 1367 1768 1412 orientali
1790 1367 1918 1419 1548,
1943 1368 2214 1422 professor
2235 1368 2411 1411 Helm-

1342 1440 1514 1492 stadii,
1553 1442 1740 1494 postea
1778 1450 2066 1482 causarum
2105 1443 2257 1483 actor
2284 1439 2411 1482 Wit-

1341 1512 1649 1566 tembergae,
1672 1513 1915 1554 mortuus
1939 1510 2067 1554 1618.

1416 1581 1749 1635 HUNNIUS,
1804 1582 2061 1637 AEgidius,
2114 1582 2409 1638 theologus,

1343 1658 1500 1698 natus
1532 1653 1661 1706 1550,
1691 1653 1940 1709 Tubingae
1974 1653 2157 1697 studiis
2190 1665 2411 1709 operam

1345 1726 1502 1778 dedit,
1531 1725 1803 1780 professor
1829 1725 2099 1780 Marpurgi
2130 1725 2258 1777 1576,
2286 1725 2413 1768 Wit—

1342 1797 1634 1852 tembergae
1658 1796 1786 1848 1592,
1807 1800 2050 1840 mortuus
2074 1796 2201 1840 1603.

1412 1869 1440 1922 J
1444 1868 1626 1913 ANUS
1646 1867 1750 1911 vid.
1774 1868 1947 1911 Blaev.

1411 1939 1773 1993 JESSENIUS,
1829 1940 2055 1984 Ioannes
2104 1939 2410 1996 (Jesensky)‚

1344 2016 1502 2056 natus
1527 2010 1863 2055 Vratislaviae
1897 2011 2025 2063 1566,
2056 2011 2157 2054 arti
2185 2010 2412 2055 medicae

1346 2096 1569 2140 operam
1602 2082 1744 2126 dedit
1772 2082 1982 2137 Lipsiae,
2013 2082 2412 2137 Wittembergae

1346 2159 1398 2200 et
1419 2156 1472 2199 in
1495 2155 1660 2207 Italia,
1688 2154 1960 2209 professor
1985 2154 2266 2198 medicinae
2287 2154 2413 2196 Wit-

1344 2227 1636 2282 tembergae
1678 2225 1807 2277 1596,
1846 2227 2026 2280 Pragae
2068 2225 2196 2277 1601,
2236 2228 2415 2269 rector

1346 2298 1642 2342 academiae
1681 2299 1733 2340 et
1769 2296 2009 2340 medicus
2053 2297 2411 2351 Imperatoris.

1346 2370 1488 2413 Bello
1501 2368 1641 2413 civili
1653 2367 1887 2412 interfuit
1902 2368 2030 2421 1618,
2046 2372 2166 2423 post
2179 2380 2414 2424 pugnam

1345 2442 1660 2496 Pragensem
1672 2439 1930 2495 supplicio
1947 2439 2172 2484 affectus
2186 2443 2266 2484 est
2283 2439 2389 2483 1621
2401 2473 2411 2483 .

1413 2512 1442 2564 J
1445 2511 1809 2563 OESTELIUS,
1832 2510 2107 2563 Melchior,
2131 2514 2238 2554 nat.
2262 2512 2415 2554 Dres-

1347 2584 1448 2637 dae,
1482 2583 1754 2639 professor
1786 2582 1979 2626 artium
2013 2582 2415 2627 mathematica-

1346 2668 1467 2699 rum
1474 2654 1891 2709 Wittembergae‚
1903 2654 2166 2698 rationem
2176 2654 2415 2709 prostha-

1347 2727 1654 2782 phaereseos
1675 2737 1799 2769 cum
1820 2725 1934 2769 aliis
1947 2725 2073 2769 viris
2093 2725 2262 2769 doctis
2276 2724 2416 2768 inve-

1348 2798 1437 2841 nit.
1460 2798 1534 2841 Cf.
1556 2801 1686 2841 tom.
1710 2797 1731 2839 I
1752 2809 1801 2851 p.
1823 2796 1925 2840 319.

1414 2869 1442 2922 J
1447 2869 1545 2913 UN
1548 2868 1674 2920 IUS,
1695 2869 1875 2911 Petrus
1894 2867 2060 2924 (Peter
2078 2867 2300 2925 Young),
2327 2880 2416 2911 na-

1346 2944 1431 2984 tus
1463 2940 1516 2983 in
1544 2939 1723 2983 Scotia
1758 2938 1886 2990 1544,
1920 2939 2218 2982 studiorum
2250 2950 2415 2982 causa

1348 3022 1564 3066 peregre
1586 3010 1858 3065 profectus
1878 3013 1972 3062 est,
1999 3013 2301 3065 praeceptor
2319 3009 2416 3052 fuit

1347 3082 1483 3137 regis
1508 3081 1690 3125 Iacobi
1714 3081 1785 3142 Vl
1817 3081 1944 3124 1570.
1979 3081 2207 3136 Legatus
2235 3081 2288 3124 in
2315 3082 2416 3124 Da-

1348 3153 1493 3196 niam
1519 3153 1711 3196 missus
1738 3155 1817 3196 est
1846 3151 1958 3196 1586
1983 3155 2036 3196 et
2065 3151 2177 3194 1587
2204 3155 2256 3195 et
2285 3151 2413 3204 1598,

1349 3236 1528 3280 regem
1545 3224 1598 3267 in
1612 3223 1855 3279 Angliam
1875 3223 2162 3267 comitatus
2182 3225 2262 3266 est
2285 3222 2413 3274 1603,

1349 3298 1593 3339 mortuus
1617 3294 1745 3338 1628.

1422 3366 1615 3418 KAAS,
1639 3365 1906 3418 Nicolaus,
1927 3365 2094 3410 homo
2111 3364 2301 3409 nobilis
2315 3365 2416 3408 Da-
