2638 3918
257 299 361 350 464

257 438 437 480 docuit
463 436 794 491 Argentorati
828 438 895 480 ab
930 449 1070 482 anno
1109 438 1236 491 1537,
1270 439 1323 482 in

256 508 600 551 humanitatis
615 508 798 551 studiis
812 512 1054 552 versatus
1069 512 1163 562 est,
1185 522 1323 565 mor-

254 583 376 623 tuus
400 579 527 622 1589.

326 650 1319 711 STURCIUS,Christophorus(Sturtz),

255 725 410 765 natus
435 722 489 764 in
515 722 753 775 Livonia,
783 723 973 766 doctor
988 723 1120 779 juris
1144 725 1322 768 Rosto-

255 794 359 837 chii
391 793 518 846 1584,
551 795 746 837 multos
774 805 871 848 per
896 805 1065 838 annos
1092 795 1320 840 Hauniae

253 868 495 908 versatus
539 865 811 919 professor
848 865 1190 910 historiarum
1228 868 1321 911 Ro-

253 936 443 980 stochii
468 937 642 980 factus
669 940 763 989 est,
792 937 883 980 ubi
908 940 1064 981 mort.
1088 941 1166 981 est
1190 938 1317 982 1602.

325 1008 673 1061 STYGGIUS‚
706 1009 931 1052 Ioannes
957 1008 1199 1066 (Stygge),
1230 1010 1321 1054 ho-

252 1092 343 1125 mo
364 1079 554 1124 nobilis
575 1080 774 1124 Danus.

324 1152 681 1204 SWALBIUS,
729 1152 1170 1206 Bartholomaeus,
1217 1153 1321 1197 for-

250 1228 393 1268 tasse
431 1223 768 1267 Bernhardus
806 1224 1033 1277 Swalue,
1080 1225 1320 1269 medicus

252 1295 577 1347 Embdensis‚
607 1295 696 1349 qui
721 1295 904 1338 studiis
931 1307 1153 1351 operam
1177 1296 1320 1339 dedit

252 1367 493 1422 Lugduni
530 1367 855 1410 Batavorum
901 1370 951 1410 et
996 1370 1183 1411 auctor
1223 1367 1321 1410 fuit

252 1438 608 1493 complurium
626 1438 885 1481 librorum
906 1439 975 1481 ad
995 1439 1318 1482 medicinam

250 1509 639 1564 pertinentium.

320 1581 721 1633 TAUBMANN,
761 1581 1069 1633 Fridericus,
1109 1582 1190 1624 vir
1226 1582 1319 1625 hu-

250 1653 519 1696 manitatis
561 1652 858 1696 studiorum
903 1653 1117 1707 peritus,
1162 1657 1319 1697 natus

254 1724 381 1776 1565,
398 1724 670 1778 professor
682 1735 908 1778 poeseos
916 1724 1317 1780 Wittembergae

254 1795 381 1847 1595,
405 1798 646 1838 mortuus
671 1795 797 1839 1613.

319 1866 744 1919 TENGNAGEL,
785 1866 1095 1911 Franciscus
1129 1868 1316 1922 (Franz

250 1939 497 1981 Gansneb
512 1938 565 1981 T.
579 1950 687 1982 von
702 1938 902 1996 Camp)‚
919 1942 1075 1982 natus
1089 1939 1142 1982 in
1150 1940 1318 1984 West-

248 2010 441 2064 phalia,
472 2009 677 2053 Hvenae
703 2013 947 2054 versatus
973 2014 1054 2054 est
1079 2012 1147 2055 ab
1175 2023 1316 2055 anno

252 2080 364 2124 1595
391 2084 443 2124 et
469 2092 593 2124 cum
612 2081 865 2136 Tychone
890 2082 945 2125 in
967 2083 1316 2127 Germaniam

248 2155 299 2196 et
327 2153 642 2197 Bohemiam
670 2153 958 2208 profectus.
993 2154 1175 2198 Filiam
1205 2155 1316 2211 ejus

247 2224 605 2267 Elisabetham
642 2225 696 2268 in
734 2225 1137 2269 matrimonium
1169 2226 1318 2270 duxit

247 2295 355 2347 m.J
357 2308 443 2338 un.
462 2309 508 2339 a.
526 2296 653 2340 1601.
671 2297 791 2340 Post
804 2300 1036 2341 mortem
1049 2298 1316 2352 Tychonis

247 2367 563 2422 Imperatori
587 2367 876 2412 ministeria
902 2369 1039 2412 fecit.
1073 2369 1316 2413 Mortuus

248 2441 327 2481 est
350 2438 477 2481 1622.

317 2509 787 2563 THURNEISSER,
823 2511 1189 2565 Leonhardus‚
1226 2525 1316 2555 na-

245 2584 330 2624 tus
360 2580 579 2625 Basileae
612 2582 740 2635 1530,
773 2582 1012 2626 medicus
1040 2582 1137 2626 fuit
1165 2586 1217 2626 et
1245 2584 1315 2626 al·

247 2652 481 2707 chymiae
508 2652 731 2706 deditus,
759 2655 988 2697 multum
1012 2654 1066 2697 in
1091 2655 1314 2710 peregri-

246 2724 547 2768 nationibus
567 2727 809 2768 versatus
829 2728 922 2777 est,
951 2726 1191 2769 medicus
1217 2725 1314 2769 fuit

247 2795 490 2839 electoris
513 2795 958 2851 Brandenburgici
987 2796 1115 2848 1571,
1142 2797 1196 2839 in
1216 2797 1313 2840 Ita-

246 2866 373 2909 liam
399 2866 526 2922 fugit
557 2867 684 2919 1584,
712 2871 955 2911 mortuus
978 2870 1058 2911 est
1077 2868 1312 2912 Coloniae

250 2937 377 2981 1596.
401 2938 559 2982 Liber
578 2940 688 2995 ejus
709 2940 775 2983 de
794 2950 938 2983 nova
955 2940 1104 2983 stella
1122 2939 1313 2983 nullius

245 3009 397 3063 pretii
417 3012 509 3053 est.

315 3080 828 3131 TRAPEZUNTIUS,
858 3081 1128 3138 Georgius,
1156 3085 1312 3126 natus

245 3151 297 3193 in
307 3152 460 3195 Creta
476 3152 603 3205 1395,
616 3152 669 3196 in
680 3153 831 3196 Italia
842 3153 1116 3206 habitavit,
1130 3154 1312 3197 Romae

245 3226 487 3267 mortuus
504 3227 583 3267 est
606 3223 733 3268 1483.
755 3225 1025 3268 Ptolemaei
1037 3224 1311 3279 Syntaxin

245 3293 384 3349 (quae
413 3295 554 3338 edita
582 3298 662 3339 est
690 3295 803 3339 1528
829 3299 881 3340 et
910 3296 1042 3353 1551)
1075 3296 1311 3351 aliosque

245 3364 408 3408 libros
430 3365 650 3410 Graecos
670 3367 839 3411 vertit.

738 297 1017 350 INDEX
1043 298 1452 352 VIRORUM
1479 299 1983 355 DOCTORUM

1466 439 1949 494 TRAUTSONIUS,
2025 443 2215 486 Paulus
2288 444 2462 488 Sixtus

1395 510 1706 568 (Trautson),
1724 523 1923 565 comes,
1939 516 2095 557 natus
2107 514 2251 558 circa
2262 527 2462 559 annum

1400 582 1527 635 1550,
1557 584 1696 626 aulae
1723 584 2126 637 mareschallus‚
2153 585 2310 629 simul
2337 598 2461 630 cum

1396 653 1639 708 Rumpfio
1662 654 1900 698 minister
1921 655 2258 711 imperatoris
2279 658 2463 703 Rudol-

1394 724 1485 779 phi
1503 737 1672 780 usque
1694 726 1762 769 ad
1780 739 1850 769 m.
1868 726 1983 771 Oct.
2001 739 2048 771 a.
2070 727 2197 779 1600,
2220 717 2466 773 mortuus>

1399 795 1526 839 1621.

1464 867 1819 921 TREUTLER,
1873 869 2250 926 Hieronymus,
2304 874 2462 916 natus

1397 938 1526 992 1566,
1548 939 1820 994 professor
1840 930 2157 996 eloquentiae
2174 942 2459 998 Marpurgi,

1395 1013 1583 1054 auctor
1593 1011 1850 1055 librorum
1863 1013 2058 1068 adjura
2069 1013 2459 1068 pertinentium,

1393 1085 1636 1126 mortuus
1661 1082 1787 1127 1607.

1466 1153 1696 1207 URSUS,
1731 1155 1984 1199 Nicolaus
2013 1155 2288 1200 Raimarus
2315 1156 2462 1214 (Rey-

1394 1237 1536 1268 mers
1557 1226 1690 1283 Bar),
1717 1229 1873 1270 natus
1892 1226 1946 1269 in
1966 1227 2269 1280 Ditmarsia‚
2296 1227 2350 1271 in
2376 1239 2462 1272 co-

1392 1296 1582 1339 mitatu
1626 1297 1761 1340 Erici
1805 1298 1988 1353 Langii
2033 1298 2280 1343 Hvenam
2318 1299 2461 1342 venit

1397 1367 1523 1420 1584,
1552 1368 1964 1413 mathematicus
1985 1370 2327 1425 Imperatoris
2345 1371 2461 1414 Pra-

1392 1450 1473 1493 gae
1498 1438 1624 1482 1591.
1648 1439 1818 1483 Edidit
1831 1439 2269 1484 Fundamentum
2292 1443 2460 1485 astro-

1391 1509 1667 1553 nomicum
1701 1511 2054 1567 (Argentorati
2088 1512 2235 1570 1588),
2268 1513 2320 1556 in
2354 1524 2459 1568 quo

1390 1581 1656 1635 Tychonis
1684 1585 1923 1637 systema
1951 1583 2050 1627 sibi
2074 1583 2377 1637 vindicavit,
2407 1587 2461 1629 et

1391 1651 1476 1695 De
1494 1653 1882 1697 astronomicis
1902 1654 2308 1710 hypothesibus
2326 1655 2460 1713 (Pra-

1392 1736 1473 1779 gae
1489 1724 1634 1782 1597),
1647 1725 1881 1769 libellum
1892 1726 2170 1770 calumniis
2180 1728 2456 1782 repletum.

1392 1795 1635 1840 Mortuus
1656 1800 1734 1840 est
1753 1798 1932 1853 Pragae
1952 1810 2023 1842 m.
2046 1799 2175 1854 Aug.
2199 1811 2246 1842 a.
2273 1798 2399 1842 1600.

1460 1867 1803 1921 VALESIUS,
1844 1869 2170 1922 Franciscus,
2212 1873 2369 1914 natus
2405 1870 2458 1913 in

1391 1939 1601 1982 Castilia
1615 1943 1810 1992 vetere,
1833 1941 2073 1984 medicus
2092 1941 2228 1997 regis
2241 1941 2458 1997 Philippi

1390 2010 1452 2053 II.
1475 2011 1676 2054 Auctor
1690 2011 1786 2054 fuit
1799 2012 1916 2055 libri
1930 2013 1996 2056 de
2009 2024 2153 2057 nova
2166 2014 2318 2056 stella
2331 2005 2454 2070 (vid.

1388 2084 1518 2125 tom.
1533 2083 1603 2125 III
1615 2095 1664 2138 p.
1675 2083 1732 2126 87
1743 2082 1892 2141 sqq.).
1907 2083 1980 2128 Cf.
1996 2087 2231 2128 annotat.
2246 2085 2315 2128 ad
2323 2087 2454 2129 tom.

1389 2152 1459 2196 VI
1480 2166 1528 2209 p.
1556 2154 1706 2207 185,3ο.

1460 2225 1703 2279 VALLA,
1739 2227 2007 2282 Georgius,
2041 2226 2296 2280 medicus,
2329 2227 2458 2271 vixit

1390 2298 1534 2342 circa
1561 2310 1761 2341 annum
1792 2298 1919 2342 1500.
1946 2298 2115 2342 Procli
2139 2297 2457 2354 Hypotypo-

1388 2369 1476 2413 sin
1509 2370 1679 2413 vertit.
1721 2369 1795 2412 Cf.
1830 2372 2064 2414 annotat.
2101 2370 2170 2413 ad
2204 2373 2335 2414 tom.
2359 2369 2455 2413 VII

1387 2454 1437 2496 p.
1460 2440 1586 2494 85,³s.

1459 2511 1850 2556 VARADINUS
1871 2512 1975 2556 vid.
1999 2512 2281 2556 RhederuS.

1457 2583 1703 2635 VELLEJ
1710 2583 1810 2635 US,
1832 2584 2071 2627 Andreas
2086 2583 2321 2628 Severini
2337 2584 2456 2640 (An-

1388 2655 1508 2698 ders
1532 2654 1794 2698 Sorensen
1814 2655 2012 2712 Vedel),
2039 2658 2341 2710 praeceptor
2359 2655 2455 2709 Ty-

1387 2726 1573 2770 chonis
1598 2725 1904 2778 1562-1565,
1928 2739 1960 2769 a
1979 2726 2146 2771 sacris
2167 2727 2320 2782 regiis
2340 2738 2456 2771 ora-

1384 2801 1471 2841 tor
1508 2797 1815 2848 1558-1581,
1853 2797 2042 2841 deinde
2078 2798 2368 2842 canonicus
2403 2802 2454 2842 et

1385 2868 1668 2913 historicus
1687 2869 1858 2924 regius
1878 2881 2046 2924 usque
2067 2870 2136 2913 ad
2160 2869 2287 2922 1595,
2316 2881 2454 2914 mor·

1384 2943 1507 2984 tuus
1531 2940 1658 2984 1616.

1456 3011 1654 3055 VIETA
1680 3012 1791 3056 sive
1818 3011 2051 3056 Vietaeus
2076 3012 2345 3069 (Francois
2370 3012 2453 3055 Vi-

1386 3082 1524 3141 ette)‚
1537 3083 1949 3127 mathematicus
1962 3083 2190 3139 insignis,
2199 3086 2306 3127 nat.
2322 3083 2450 3136 1540,

1385 3157 1601 3199 senator
1611 3154 2001 3207 inAremorica,
2014 3154 2122 3209 regi
2135 3154 2368 3199 Henrico
2380 3154 2451 3198 IV

1387 3237 1419 3268 a
1433 3225 1664 3269 consiliis
1677 3225 1873 3269 intimis
1887 3225 2127 3277 Lutetiae,
2143 3229 2300 3270 mort.
2321 3225 2448 3270 1603.

1457 3297 1865 3349 VOGELINUS,
1911 3297 2138 3341 Ioannes
2177 3296 2448 3354 (Vogelin),

1385 3370 1540 3412 natus
1570 3367 1712 3411 exitu
1741 3368 1925 3412 saeculi
1950 3368 2059 3420 XV,
2090 3369 2142 3411 in
2170 3367 2448 3424 gymnasio
