2638 3918
255 278 360 331 458

254 429 368 468 nus,
390 419 496 459 nat.
519 416 645 467 1535,
669 417 1018 459 cancellarius
1036 417 1164 469 1573,
1186 417 1322 471 prin-

255 500 380 543 ceps
408 490 659 541 quattuor
684 490 1096 541 procuratorum
1122 488 1268 544 regni
1288 501 1320 532 a

253 562 441 603 senatu
466 557 730 601 institutus
761 558 888 610 1588,
918 562 1160 603 mortuus
1191 559 1317 603 1594.

325 630 590 681 KEPLER,
622 630 865 682 Ioannes,
899 633 1055 674 natus
1083 631 1137 673 in
1166 631 1321 675 Wirt-

251 702 526 756 temberga
557 701 684 753 1571,
712 701 962 757 Tubingae
989 702 1173 745 studiis
1199 714 1320 758 ope-

251 785 369 815 ram
382 772 539 824 dedit,
556 772 970 816 mathematicus
981 773 1320 827 provincialis

251 845 302 888 in
330 844 505 899 Styria
535 843 663 896 1594,
693 855 819 887 cum
837 844 1090 898 Tychone
1115 845 1169 888 in
1195 858 1320 890 arce

252 915 500 959 Benatica
518 918 762 958 versatus
782 918 861 958 est
882 928 913 958 a
934 928 1117 960 mense
1131 917 1320 960 Febru-

252 987 364 1030 ario
391 988 444 1029 in
470 999 711 1031 mensem
734 986 950 1038 Junium
982 987 1110 1040 1600,
1138 989 1317 1044 Pragae

252 1073 284 1102 a
313 1070 497 1102 mense
527 1059 746 1102 Octobri
779 1058 907 1111 1600,
938 1058 1177 1113 Tychoni
1205 1071 1320 1104 suc-

252 1130 408 1174 cessit
429 1142 613 1174 mense
629 1130 848 1173 Octobri
873 1129 1000 1183 1601,
1023 1131 1318 1175 mathema-

249 1202 384 1245 ticus
422 1201 762 1256 provincialis
800 1202 967 1245 Lincii
1009 1202 1316 1256 1612-1626,

251 1277 494 1317 mortuus
518 1273 645 1317 1630.

323 1345 593 1396 KRABBE,
626 1345 866 1396 Ioannes,
898 1347 1053 1388 natus
1081 1345 1316 1400 Myndae,

250 1419 547 1472 geometres
585 1416 913 1470 Guelferbyti
955 1416 1082 1469 1585,
1122 1418 1318 1459 multas

251 1488 651 1531 observationes
666 1488 884 1530 instituit
895 1491 945 1530 et
955 1488 1186 1531 indicem
1198 1487 1318 1531 deli-

250 1559 497 1614 quiorum
525 1559 675 1602 annis
699 1558 991 1602 1581—1600
1012 1572 1043 1602 a
1064 1571 1120 1602 se
1142 1559 1318 1603 obser-

249 1634 500 1674 vatorum
520 1630 759 1685 Tychoni
778 1630 933 1674 misit.

321 1702 520 1754 KRAG,
560 1702 816 1753 Andreas,
856 1705 1012 1744 natus
1048 1702 1176 1754 1558,
1217 1703 1317 1745 arti

250 1774 475 1817 medicae
491 1785 712 1828 operam
728 1773 871 1816 dedit
884 1774 935 1815 in
948 1773 1130 1817 Monte
1140 1774 1317 1817 Pessu-

247 1847 387 1897 lano,
410 1845 682 1900 professor
701 1844 896 1887 artium
914 1845 1317 1889 mathematica-

248 1929 369 1959 rum
391 1916 633 1968 Hauniae,
657 1919 900 1960 mortuus
924 1916 1051 1960 1600.

319 1987 518 2041 KRAG,
560 1987 826 2039 Nicolaus,
866 1988 1095 2032 Andreae
1132 1988 1313 2041 frater,

247 2059 530 2103 historicus
556 2059 727 2114 regius
757 2058 886 2111 1594,
914 2062 1157 2103 mortuus
1185 2059 1312 2103 1602.

320 2131 563 2183 LANGE,
619 2130 960 2180 Christianus,
1025 2131 1315 2175 canonicus

249 2203 390 2258 Ripae
411 2202 616 2254 Daniae,
638 2205 880 2246 mortuus
905 2202 1032 2245 1604.

320 2274 563 2326 LANGE,
604 2273 799 2325 Ericus,
842 2273 1090 2317 dominus
1127 2274 1314 2328 praedii

248 2345 598 2400 Engelsholm‚
624 2345 910 2399 alchymiae
932 2345 1154 2397 deditus,
1177 2345 1315 2388 Hve-

247 2429 374 2459 nam
401 2416 528 2459 adiit
551 2416 664 2459 1584
685 2416 991 2459 Raimarum
1014 2416 1213 2460 Ursum
1239 2428 1314 2460 se-

247 2499 374 2531 cum
406 2488 621 2539 ducens,
656 2487 910 2542 Sophiam
944 2499 1187 2531 sororem
1218 2488 1315 2542 Ty-

248 2559 433 2602 chonis
471 2558 569 2602 sibi
607 2559 887 2613 despondit
928 2558 1055 2611 1590,
1095 2570 1314 2614 peregre

246 2630 517 2686 profectus
553 2630 665 2673 1592
701 2629 955 2685 Sophiam
995 2630 1142 2673 duxit
1183 2631 1311 2683 1602,

248 2705 489 2746 mortuus
510 2705 588 2745 est
607 2705 728 2756 post
751 2701 878 2745 1613.

319 2773 623 2816 LAZARUS
650 2774 797 2829 (tom.
814 2773 934 2815 VIII
955 2785 1004 2827 p.
1026 2772 1156 2831 29‚2s)
1176 2773 1315 2817 vide-

245 2848 332 2888 tur
351 2857 467 2888 esse
480 2846 659 2888 Petrus
673 2845 947 2896 Antonius,
969 2847 1125 2887 natus
1138 2845 1314 2888 Paviae

251 2917 379 2968 1572,
420 2917 637 2959 antistes
669 2916 717 2959 S.
752 2916 939 2959 Mariae
977 2916 1112 2959 illius
1150 2916 1311 2968 urbis,

248 2991 435 3031 auctor
466 2988 722 3031 librorum
754 2999 840 3030 res
871 2998 1055 3031 sacras
1086 2989 1314 3031 tractan-

245 3058 395 3110 tium,
416 3061 659 3102 mortuus
683 3058 811 3102 1630.

319 3130 693 3183 LEOVITIUS,
711 3130 1005 3185 Cyprianus
1018 3129 1313 3187 (Lwowcz-

246 3202 319 3255 ky
338 3213 369 3243 z
391 3201 696 3258 Lwovvicz),
719 3204 874 3245 natus
899 3201 1026 3253 1514,
1053 3203 1242 3244 auctor
1261 3200 1313 3243 li—

247 3271 467 3315 brorum
482 3273 550 3315 ad
565 3273 906 3327 astrologiam
920 3271 1309 3326 pertinentium,

246 3343 516 3397 professor
563 3344 756 3387 artium
806 3344 1311 3387 mathematicamm

735 276 1014 328 INDEX
1039 277 1446 331 VIRORUM
1474 277 1978 333 DOCTORUM

1395 417 1663 472 Lauingae,
1684 418 1774 461 ubi
1786 419 1970 473 Tycho
1988 431 2110 464 eum
2131 419 2307 463 invisit
2329 420 2457 473 1568,

1394 492 1637 532 mortuus
1661 489 1788 532 1574.

1466 560 1851 613 LIDDELIUS,
1889 561 2179 605 Duncanus
2213 561 2458 619 (Duncan

1395 631 1613 688 Liddel),
1635 634 1790 674 natus
1809 631 1863 674 in
1883 632 2061 676 Scotia
2085 633 2212 685 1561,
2236 633 2459 678 Franco-

1392 702 1516 745 furti
1551 703 1693 758 apud
1724 702 1983 761 Viadrum
2017 704 2200 747 studiis
2237 715 2459 759 operam

1393 774 1551 826 dedit,
1582 774 1869 828 discipu1us
1894 762 2037 817 Pauu
2063 774 2318 819 Wittichii
2346 775 2459 819 1582

1393 844 1584 897 -1584‚
1612 845 1884 900 professor
1907 845 2102 889 artium
2125 846 2460 890 mathemati-

1393 928 1582 959 carum
1627 916 1944 960 Helmstadii
1990 917 2297 970 1591—1603,
2342 930 2459 973 pro-

1390 990 1569 1031 rector
1591 987 1719 1040 1604,
1749 991 1938 1032 auctor
1962 988 2220 1032 librorum
2247 989 2459 1033 medici-

1391 1058 1608 1110 nalium,
1631 1058 1685 1102 in
1705 1059 1942 1103 Scotiam
1961 1071 2206 1104 reversus
2226 1063 2306 1104 est
2329 1060 2456 1113 1607,

1392 1133 1634 1174 mortuus
1658 1131 1785 1174 1613.

1463 1202 1690 1245 LILIUS
1727 1202 1944 1260 (Aloisio
1980 1203 2132 1260 Lilio)
2169 1203 2458 1247 calendarii

1391 1273 1669 1317 reformati
1693 1273 1896 1328 primus
1922 1277 2110 1317 auctor
2135 1273 2245 1318 fuit.
2275 1274 2348 1318 Cf.
2372 1287 2460 1318 an-

1391 1347 1554 1388 notat.
1578 1345 1647 1387 ad
1665 1347 1795 1388 tom.
1812 1344 1858 1387 V
1878 1357 1927 1399 p.
1954 1344 2105 1397 179‚³³.

1463 1415 1835 1467 LINDANUS,
1882 1416 2173 1459 Guilelmus
2217 1417 2455 1470 Damasi,

1390 1489 1547 1529 natus
1586 1487 1867 1530 Dordrecti
1909 1486 2036 1539 1525,
2078 1487 2355 1542 inquisitor
2392 1500 2456 1532 ac

1390 1561 1577 1612 postea
1607 1557 1888 1613 episcopus
1915 1558 2283 1612 Roermondae,
2319 1571 2458 1604 mor-

1388 1632 1510 1672 tuus
1535 1628 1662 1672 1588.

1461 1700 1857 1752 LINDENOW,
1892 1700 2033 1753 Otto,
2070 1701 2237 1745 homo
2269 1702 2457 1746 nobilis

1390 1772 1588 1815 Danus.

1461 1843 1800 1895 LOESERUS,
1832 1844 2057 1888 Ioannes
2085 1843 2336 1902 (Loeser),
2366 1845 2457 1889 ho-

1390 1927 1480 1959 mo
1498 1915 1688 1959 nobilis
1703 1915 2012 1968 Saxonicus,
2035 1915 2282 1960 dominus
2300 1917 2454 1969 arcis,

1389 1999 1510 2041 quae
1530 1990 1756 2030 vocatur
1775 1987 2037 2030 Pretzsch.

1461 2058 2102 2111 LONGOMONTANUS,
2131 2058 2455 2103 Christianus

1389 2130 1624 2173 Severini
1663 2129 1801 2187 (Chr.
1842 2130 2105 2173 sorensen
2144 2130 2454 2187 Longberg)‚

1388 2204 1544 2245 natus
1568 2200 1696 2253 1562,
1717 2200 1983 2256 Tychonis
2003 2201 2289 2256 discipulus
2303 2205 2355 2245 et
2369 2202 2456 2244 ad-

1389 2272 1626 2316 minister
1655 2272 1945 2315 1589—1597
1974 2275 2026 2316 et
2046 2285 2078 2315 a
2097 2284 2280 2316 mense
2299 2272 2327 2324 J
2332 2285 2456 2316 anu-

1388 2344 1501 2388 ario
1514 2344 1567 2386 in
1578 2354 1819 2387 mensem
1826 2344 2121 2399 Augustum
2133 2356 2179 2387 a.
2197 2343 2325 2396 1600,
2338 2355 2456 2399 pro-

1388 2415 1558 2459 fessor
1577 2415 1769 2458 artium
1789 2415 2296 2459 mathematicarum
2315 2415 2455 2459 Hau-

1387 2487 1490 2530 niae
1515 2486 1643 2538 1605,
1665 2489 1908 2530 mortuus
1932 2486 2059 2529 1647.

1459 2557 1954 2609 LYCOSTHENES,
1977 2557 2251 2601 Conradus
2273 2557 2454 2615 (Wolf-

1387 2629 1577 2686 hardt),
1600 2628 1896 2684 philologus
1914 2631 1966 2671 et
1983 2628 2276 2684 theologus,
2297 2632 2453 2672 natus

1386 2700 1441 2743 in
1468 2700 1669 2744 Alsatia
1698 2700 1842 2743 circa
1875 2712 2075 2743 annum
2111 2699 2239 2752 1518,
2273 2700 2454 2744 docuit

1387 2771 1606 2814 Basileae
1643 2771 1771 2823 1542,
1805 2771 2058 2815 sacerdos
2089 2770 2287 2814 ibidem
2323 2771 2451 2824 1545,

1387 2846 1629 2887 mortuus
1654 2842 1780 2886 1561.
1802 2843 2004 2886 Auctor
2017 2842 2113 2885 fuit
2125 2842 2257 2895 libri,
2281 2842 2370 2898 qui
2382 2842 2454 2886 in-

1387 2914 1633 2958 scribitur
1649 2912 2024 2967 Prodigiorum
2045 2914 2102 2957 et
2116 2914 2450 2958 ostentorum

1387 2985 1683 3029 chronicon
1703 2984 1871 3042 (1557).

1459 3055 1892 3108 MAESTLINUS,
1915 3055 2161 3107 Michael,
2189 3059 2295 3099 nat.
2322 3055 2450 3108 1550,

1385 3128 1424 3170 T
1426 3128 1635 3184 ubingae
1667 3127 1851 3171 studiis
1884 3138 2105 3182 operam
2141 3127 2297 3180 dedit,
2333 3138 2452 3182 pro-

1385 3199 1556 3243 fessor
1576 3199 1943 3254 Heidelbergae
1967 3197 2095 3250 1580,
2125 3198 2320 3241 artium
2341 3210 2452 3242 ma-

1383 3270 1798 3314 thematicarum
1808 3270 2057 3325 TubIngae
2074 3269 2187 3312 1584
2199 3280 2367 3324 usque
2381 3269 2450 3312 ad

1385 3345 1615 3386 mortem
1634 3341 1760 3385 1631.
1773 3341 2047 3396 Copernici
2059 3340 2292 3384 rationes
2306 3351 2451 3383 secu-
