2652 4022
283 315 375 366 190
817 313 1257 373 EPISTOLAE
1283 315 1956 371 ASTRONOMICAE

280 457 456 508 lixius
475 472 635 508 nunc
656 456 727 507 de
748 455 840 508 his
861 462 962 508 aut
981 456 1477 521 praestantioribus
1498 459 1573 511 ad
1593 475 1719 511 rem
1733 459 2203 512 Astronomicam
2223 460 2480 514 facienti-

279 528 388 580 bus
414 534 608 579 tecum
634 542 823 592 agam.
852 527 976 579 Fiet
1001 527 1076 588 id,
1104 528 1338 581 favente
1360 529 1573 582 coelesti
1593 531 1875 591 Numine,
1903 531 2006 583 suo
2026 537 2290 596 tempore
2312 532 2481 596 (prae-

278 599 471 650 sertim
491 598 532 649 fi
551 601 910 662 praeveneris
932 607 1108 663 atque
1133 603 1346 652 iterum
1368 601 1732 654 occasionem
1757 602 2103 666 praebueris)
2132 606 2483 667 oportunius

281 676 334 721 et
355 669 659 733 copiofiuS.
682 669 829 721 Vale
856 685 1038 734 quam
1065 671 1365 724 diutissime
1393 678 1448 724 et
1473 672 1799 725 felicissime.
1828 673 2142 726 Dabantur
2164 673 2482 727 Benachiae

280 741 371 792 die
393 741 477 792 24.
501 739 769 793 octobris
788 741 929 807 stylo
950 758 1109 794 novo
1129 743 1293 795 Anni
1313 743 1455 796 1599.

280 975 328 1020 [E
350 976 494 1013 codice
515 976 775 1013 Bononiensi
795 978 965 1015 Archivi
985 979 1202 1015 Malvezzi
1221 980 1289 1015 dei
1307 980 1464 1015 Medici
1472 991 1486 1021 ‚·
1513 980 1561 1017 cf.
1583 981 1640 1016 10.
1661 983 1755 1016 Ant.
1778 979 1941 1025 Magini
1965 980 2134 1017 TabuIae
2154 981 2287 1017 Primi
2309 981 2483 1017 Mobilis

374 1024 575 1066 (Venetiis
601 1026 706 1068 1604)
727 1026 813 1061 foll.
833 1025 991 1070 85—86]

364 1112 971 1186 IOHANNES
1009 1114 1611 1188 ANTONIUS
1654 1115 2198 1188 MAGINUS
2238 1116 2401 1188 AD

987 1217 1454 1271 TYCHONEM
1482 1219 1770 1271 BRAHE.

296 1308 492 1367 ς’*
514 1313 701 1456 fx*
752 1312 1007 1364 LTIMA
1035 1313 1426 1365 Bacanalium
1452 1314 1545 1366 die
1571 1313 1679 1365 fuit
1705 1314 1781 1366 ad
1807 1329 1903 1365 me
1924 1314 2223 1366 Dominus
2244 1314 2482 1366 FRAN-
2563 1334 2579 1352 r

298 1368 402 1481 sk
464 1347 670 1537 35}
753 1383 2481 1449 CISCUSTENGNALIUS‚nobilisiuvenis‚omniquevir-

670 1457 703 1484 Q.

751 1461 871 1506 tute
886 1457 1290 1516 ornatissimuS‚
1314 1462 1368 1507 et
1387 1456 1519 1507 talis
1536 1456 1726 1520 qualis
1741 1471 1778 1508 a
1791 1462 1846 1508 te
1860 1455 2009 1507 mihi
2023 1455 2337 1520 descriptus
2357 1456 2481 1517 fuit,

576 1522 706 1557 ‘⁴
751 1529 853 1590 qui
880 1526 1197 1578 deferendo
1218 1527 1292 1579 ad
1313 1542 1409 1578 me
1435 1533 1567 1579 tuas
1592 1527 1792 1579 literas
1816 1529 1938 1579 una
1965 1542 2100 1579 cum
2125 1542 2372 1579 munere
2397 1530 2484 1580 tui

367 1601 376 1656 -ζ
424 1603 432 1663 ,ἰ
600 1615 671 1664 ,g
750 1596 930 1649 libelli
946 1598 1017 1649 de
1031 1597 1324 1650 machinis
1339 1598 1759 1650 Astronomicis
1775 1604 1830 1650 et
1844 1598 1916 1650 de
1930 1598 2285 1650 restitutione
2299 1598 2481 1651 stella-

346 1700 358 1704 s
750 1684 884 1720 rum
903 1668 1160 1720 fixarum
1175 1669 1326 1720 adeo
1340 1676 1601 1721 mentem
1614 1684 1813 1721 meam
1826 1670 2043 1735 gaudio
2065 1668 2273 1730 affecit,
2295 1676 2359 1722 ut
2378 1686 2477 1722 ne-

276 1740 478 1792 scirem
506 1756 625 1804 quo
652 1755 747 1791 me
775 1742 1155 1801 continerem,
1185 1740 1281 1792 sed
1310 1740 1440 1792 haec
1466 1756 1601 1792 mea
1630 1740 1834 1793 laetitia
1860 1741 2234 1805 aliquantum
2260 1743 2484 1794 remissa

276 1811 399 1871 fuit,
414 1812 654 1876 quando
667 1810 943 1871 intellexi,
966 1811 1153 1875 ipsum
1167 1811 1532 1863 discessurum
1545 1813 1647 1864 esse
1660 1812 1922 1877 sequenti
1933 1827 2111 1864 mane
2124 1812 2483 1865 Florentiam

275 1883 489 1944 versuS,
518 1898 626 1934 nec
651 1883 801 1947 posse
828 1882 976 1933 mihi
996 1882 1093 1934 hic
1114 1882 1329 1935 referre
1351 1898 1422 1935 ea
1443 1899 1579 1947 quae
1599 1883 1702 1949 ipfi
1721 1883 1954 1945 secret0‚
1981 1890 2046 1936 ut
2070 1898 2305 1936 mecum
2326 1899 2481 1936 com-

275 1957 618 2014 municaret,
649 1953 979 2018 imposuisti,
1011 1957 1114 2018 qui
1142 1961 1342 2006 tamen
1371 1954 1520 2006 mihi
1545 1954 1803 2019 promisit
1828 1955 1884 2007 se
1910 1955 2024 2007 hoc
2050 1953 2342 2008 faeturum
2362 1955 2483 2020 post

275 2026 446 2078 suum
465 2026 719 2078 reditum
740 2025 1032 2077 Bononiae
1054 2028 1278 2077 circiter
1301 2026 1612 2078 dimidium
1634 2026 2128 2092 Quadragefimae,
2156 2026 2252 2079 sed
2278 2026 2483 2079 frustra

274 2113 379 2162 per
392 2103 576 2149 totam
591 2096 1115 2162 Quadragefimam
1130 2113 1167 2149 a
1180 2113 1276 2149 me
1293 2095 1628 2162 expectatus
1643 2097 1766 2157 fuit,
1788 2100 1910 2149 imo
1932 2104 1986 2149 et
2006 2104 2186 2150 totam
2210 2098 2481 2158 aestatem‚

276 2184 411 2220 cum
439 2175 562 2220 toto
591 2168 705 2220 hoc
733 2174 998 2232 tempore
1027 2168 1342 2221 Florentiae
1373 2175 1427 2221 et
1457 2170 1662 2221 Romae
1693 2175 2092 2221 commoratus
2121 2169 2199 2221 fit.
2235 2168 2399 2232 Quin
2428 2175 2484 2222 et

519 1490 592 1524 &ss

276 2256 383 2305 ego
411 2255 650 2305 quoque
678 2239 770 2291 die
798 2240 882 2292 152
909 2239 1058 2304 Maij
1083 2255 1178 2292 me
1200 2240 1521 2292 Mantuam
1540 2241 1775 2293 traduxi
1794 2247 2039 2292 vocatus
2061 2256 2097 2292 a
2117 2240 2482 2293 Serenissimo

276 2311 444 2363 Duce
462 2312 753 2370 Mantuae,
775 2317 839 2362 ut
859 2311 1155 2375 Principes
1176 2314 1303 2363 eius
1323 2311 1477 2363 filios
1497 2315 1560 2363 in
1580 2311 2021 2364 Mathematicis
2043 2312 2359 2373 erudirem;
2381 2311 2482 2364 ubi

275 2382 565 2447 permansi
584 2389 706 2434 tota
727 2381 934 2441 aestate,
956 2398 1064 2434 nec
1080 2382 1371 2434 Bononiae
1392 2384 1582 2435 redire
1602 2386 1768 2447 potui
1789 2389 1925 2435 ante
1946 2386 2204 2448 primum
2220 2383 2479 2435 Novem-

274 2454 408 2514 briS‚
424 2460 687 2518 tempore
702 2452 912 2504 scilicet
926 2455 1068 2504 novi
1081 2453 1264 2518 studij.
1288 2454 1355 2505 In
1369 2453 1483 2505 hoc
1499 2461 1699 2506 autem
1711 2469 1848 2506 meo
1863 2455 2053 2506 reditu
2067 2456 2270 2506 inveni
2283 2454 2481 2506 literas

276 2525 524 2576 Domini
544 2524 966 2576 FRANCISCI
992 2526 1093 2585 tui,
1123 2525 1337 2588 quibus
1356 2540 1452 2577 me
1474 2525 1923 2577 commonefecit
1943 2525 1998 2577 se
2020 2541 2202 2589 quam
2222 2527 2482 2589 primum

274 2595 426 2647 velle
445 2597 735 2647 Bononiae
756 2595 961 2656 redire,
984 2602 1046 2647 ut
1066 2595 1214 2647 mihi
1236 2611 1531 2659 exponere
1551 2597 1724 2661 posset
1743 2603 1913 2648 tuum
1934 2596 2298 2657 desiderium,
2321 2597 2481 2661 quod

274 2667 395 2732 post
416 2667 565 2719 duos
586 2666 710 2718 dies
729 2666 878 2727 fecit,
900 2666 1241 2731 relinquens
1260 2666 1409 2718 mihi
1429 2667 1597 2719 fimul
1613 2668 1891 2732 quaedam
1904 2667 2110 2732 scripta
2123 2683 2231 2732 pro
2245 2667 2479 2720 instruc-

274 2741 434 2790 tione
455 2737 588 2791 dicti
608 2740 852 2803 negocij.
875 2738 1061 2790 Valde
1082 2737 1339 2802 profecto
1360 2738 1508 2790 mihi
1527 2746 1691 2804 grata
1710 2738 1818 2790 fuit
1838 2738 1968 2790 haec
1989 2738 2212 2791 occafio
2231 2739 2335 2791 tibi
2354 2754 2479 2804 gra-

274 2809 551 2870 tificandi,
574 2815 628 2861 et
647 2809 779 2874 plus
799 2824 981 2873 quam
1002 2810 1158 2861 credi
1178 2811 1352 2874 possit,
1375 2811 1535 2874 quod
1551 2817 1795 2862 eventus
1811 2813 1895 2862 rei
1909 2810 2084 2875 ipfius
2097 2810 2231 2862 Deo
2245 2809 2481 2862 volente

274 2881 377 2933 tibi
398 2881 552 2933 clare
574 2880 907 2941 declarabit,
929 2896 1123 2945 neque
1146 2883 1306 2932 enim
1326 2897 1486 2933 nunc
1500 2882 1691 2934 verbis
1707 2881 1820 2933 hoc
1834 2882 1937 2934 tibi
1950 2882 2211 2934 indicare
2225 2881 2479 2941 studeb0,
2516 2907 2520 2911 .

274 2952 370 3005 sed
391 2951 690 3004 effectibus
711 2951 842 3016 ipfis
862 2967 958 3003 me
978 2950 1271 3004 faeturum
1291 2952 1544 3013 reservo;
1566 2952 1760 3004 habeo
1783 2955 1943 3005 enim
1958 2956 2060 3017 qui
2074 2952 2230 3005 hanc
2243 2955 2479 3018 provin-

275 3026 428 3075 ciam
448 3023 808 3075 libentissime
828 3023 1104 3087 suscipiet,
1128 3026 1229 3087 qui
1247 3023 1395 3075 mihi
1410 3026 1677 3088 inprimis
1694 3024 2082 3076 devotissimus
2098 3023 2189 3084 est,
2212 3030 2267 3076 et
2285 3023 2479 3076 habeo

276 3097 453 3146 etiam
478 3095 676 3159 plures
703 3094 962 3147 literatos
989 3097 1212 3146 amicos
1237 3110 1342 3158 per
1367 3102 1552 3147 totam
1578 3096 1825 3156 Italiam,
1854 3098 1956 3160 qui
1977 3102 2031 3147 et
2050 3095 2199 3147 mihi
2220 3101 2275 3147 et
2294 3094 2433 3146 huic
2456 3089 2478 3162 ΙΙ

276 3181 453 3218 omne
474 3166 766 3218 auxilium
785 3165 1154 3230 praestabunt.

347 3236 522 3289 Plura
537 3237 611 3289 ad
626 3244 681 3289 te
696 3236 939 3289 scribere
955 3236 1244 3297 deberem,
1263 3237 1368 3288 nifi
1382 3237 1730 3302 improvisus
1745 3238 1965 3290 reditus
1980 3237 2228 3289 Domini
2242 3237 2477 3288 FRAN-

276 3307 479 3360 CISCI
501 3314 555 3359 et
574 3315 841 3360 maturus
863 3308 1121 3360 discessus
1143 3311 1269 3360 eius
1291 3308 1600 3369 obstarent;
1621 3309 1940 3373 praesertim
1959 3324 2094 3360 cum
2111 3307 2310 3359 multis
2325 3310 2479 3359 curis

277 3384 330 3430 et
344 3378 618 3444 molestijs
633 3379 1022 3431 familiaribus
1037 3395 1196 3431 nunc
1211 3379 1451 3432 afficiar.
1473 3380 1632 3432 Nolo
1647 3386 1848 3433 tamen
1861 3382 2318 3446 praetermittere‚
2335 3380 2479 3443 quin

2422 3455 2477 3501 te

2532 1688 2574 1722 15

2532 2043 2578 2079 20

2530 2400 2576 2434 25

2530 2756 2577 2790 30
