2652 4022
278 302 370 354 166
810 297 1249 350 EPISTOLAE
1276 297 1946 352 ASTRONOMICAE

279 458 401 508 eg0,
428 458 534 507 pro
561 441 673 493 hac
700 440 1134 492 clementissima
1159 442 1346 492 animi
1370 440 1456 492 sui
1481 441 1840 494 indicatione
1862 441 2195 494 humillime
2214 439 2477 512 gra-litias
2520 453 2578 496 4v

277 529 472 579 agenS,
501 513 571 565 de
597 512 758 563 libris
777 511 977 572 tribuS,
1006 526 1156 575 quos
1176 511 1353 576 ipfius
1374 512 1665 564 Maiestati
1684 511 2076 566 subiectissime
2097 514 2394 566 dedicatos
2415 517 2478 567 in

276 591 552 650 promptu
571 582 870 642 haberem,
891 585 1258 634 mentionem
1276 582 1409 644 feci;
1431 599 1583 648 quos
1603 599 1739 636 cum
1757 584 1813 637 se
1833 584 2102 637 lubenter
2116 601 2153 638 a
2165 601 2262 637 me
2277 601 2477 651 accep-

276 664 470 708 turam
490 654 919 706 clementissime
941 653 1328 719 responderet,
1352 670 1459 720 ego
1479 670 1621 707 mox
1639 671 1741 707 eos
1755 671 1792 708 a
1805 655 1929 708 filio
1943 655 2355 717 TYCHONE,
2376 660 2479 722 qui

275 730 337 778 in
353 727 624 778 exteriori
636 724 907 776 conclavi
925 723 1239 790 expectans
1258 726 1454 777 secum
1473 725 1696 787 habuit,
1718 727 1793 779 ad
1813 743 1909 779 me
1930 730 2234 793 recipiens,
2255 727 2477 780 denuo·
2527 746 2549 780 ⁵

276 813 390 863 que
410 796 697 862 ingreBuS‚
722 795 1011 848 Caesareae
1026 794 1183 856 Mati,
1205 812 1341 861 quae
1362 795 1558 849 adhuc
1577 798 1794 850 mensae
1816 798 2049 860 astabat,
2070 801 2134 851 in
2149 814 2365 851 manus
2383 815 2478 851 ex-

274 868 463 928 hibui;
494 883 630 932 quae
658 867 965 932 postquam
996 883 1098 920 eos
1127 868 1556 921 clementissime
1583 871 1892 935 accepisset,
1923 876 2100 934 atque
2125 886 2309 935 prope
2334 870 2391 922 se
2416 873 2480 922 in

274 939 474 992 mensa
493 938 835 1003 reposuisset,
858 954 965 1004 ego
979 939 1176 991 rursus
1189 940 1353 992 brevi
1366 943 1723 1001 narratione,
1746 941 1886 1005 quid
1901 941 2107 1007 finguli
2121 957 2330 994 eorum
2343 957 2478 994 con-

273 1014 539 1070 tinerent,
567 1010 905 1062 summatim
929 1011 1209 1072 indicavi;
1236 1011 1544 1076 rursusque
1570 1012 1746 1077 ipfius
1767 1012 2040 1065 Caesarea
2066 1013 2344 1065 Maiestas
2369 1013 2478 1065 ser-

274 1098 453 1135 mone
472 1082 606 1134 satis
625 1082 927 1134 luculento
949 1085 1190 1147 excepit,
1213 1088 1390 1147 atque
1405 1099 1507 1135 eos
1521 1090 1716 1149 gratos
1730 1083 1831 1136 fibi
1844 1083 2073 1137 futuros
2085 1083 2479 1150 benignissime

274 1154 568 1205 indicavit.
597 1153 809 1218 Sicque
829 1153 1079 1218 praestito
1099 1154 1329 1206 honore
1350 1154 1579 1215 discessi;
1606 1162 1661 1207 et
1680 1155 2134 1208 BARVICIUM
2155 1163 2291 1208 ante
2312 1158 2479 1208 ianu-

274 1240 373 1277 am
402 1224 597 1277 adhuc
626 1225 1058 1289 praestolantem
1083 1228 1290 1291 reperi,
1322 1229 1424 1291 qui
1452 1226 1639 1278 statim
1666 1227 1869 1279 audito
1895 1227 2054 1293 figno
2081 1227 2156 1279 ad
2184 1227 2481 1280 Caesarem

273 1300 691 1357 introvocatuS,
712 1312 825 1357 me,
847 1303 927 1357 ut,
948 1304 1272 1362 antequam
1285 1297 1514 1359 rediret,
1529 1314 1653 1350 non
1668 1298 2093 1360 descenderem,
2114 1301 2357 1364 rogavit,
2378 1299 2480 1351 sta-

273 1371 497 1432 timque
524 1368 787 1420 reversus
814 1369 974 1429 dixit,
1004 1368 1301 1421 Caesarem
1327 1375 1701 1422 automatum
1725 1369 1887 1431 illud,
1916 1370 2075 1434 quod
2094 1373 2159 1422 in
2179 1386 2355 1422 curru
2377 1369 2480 1423 ha-

273 1439 473 1491 berem
504 1439 641 1503 (hoc
671 1442 847 1499 enim,
879 1455 1015 1492 cum
1040 1442 1104 1491 in
1129 1441 1347 1493 Arcem
1377 1457 1554 1493 curru
1579 1441 1843 1502 veheret,
1874 1457 1978 1506 per
2006 1441 2314 1494 fenestram
2344 1457 2480 1494 con-

273 1511 558 1576 spexerat)
589 1510 689 1563 fibi
717 1510 1025 1563 monstrari
1054 1527 1284 1576 cupere,
1315 1512 1462 1564 illud
1493 1515 1693 1578 itaque
1725 1528 1829 1578 per
1860 1512 2051 1564 filium
2079 1528 2111 1564 e
2137 1528 2315 1565 curru
2339 1528 2482 1565 mox

275 1582 536 1643 allatum,
571 1582 950 1636 BARVICIO
983 1583 1212 1643 tradidi,
1246 1590 1424 1648 atque
1454 1587 1580 1636 eius
1609 1584 1780 1636 usum
1810 1584 2031 1637 Caesari
2060 1584 2483 1636 ostendendum

273 1654 605 1706 monstravi.
634 1654 813 1718 Quod
837 1669 974 1707 cum
998 1654 1219 1715 fecisset,
1247 1661 1424 1719 atque
1445 1655 1520 1707 ad
1540 1671 1636 1707 me
1657 1655 1920 1707 reversus
1941 1657 2084 1717 esset,
2112 1656 2321 1716 aiebat,
2351 1655 2481 1708 Cae-

273 1726 461 1778 sarem
481 1726 690 1787 dixisse,
711 1725 766 1777 se
786 1741 977 1778 unum
991 1726 1087 1778 vel
1101 1726 1353 1778 alterum
1374 1727 1728 1779 eiuscemodi
1747 1726 1983 1788 habere,
2006 1743 2263 1792 quorum
2281 1734 2483 1779 tamen

274 1797 507 1849 nullum
526 1804 650 1849 tam
669 1813 954 1863 magnum
975 1798 1118 1858 esset,
1140 1813 1335 1863 neque
1355 1801 1590 1863 penitus
1611 1814 1683 1850 ea
1701 1801 1930 1851 ratione
1949 1797 2184 1859 factum,
2205 1799 2356 1863 posse
2376 1798 2479 1850 ali-

275 1884 454 1933 quem
469 1885 500 1920 e
514 1868 629 1921 suis
644 1868 1010 1921 Astronomis
1027 1868 1129 1921 fibi
1146 1870 1222 1922 ad
1238 1869 1419 1922 huius
1440 1872 1832 1922 imitationem
1853 1870 2155 1935 quoddam
2175 1869 2480 1930 conficere,

273 1940 368 1992 sed
398 1940 558 1992 nolle
586 1955 683 1992 me
714 1956 785 1992 eo
814 1943 1057 2005 privari;
1090 1947 1143 1993 et
1173 1940 1424 1994 addebat
1452 1941 1688 2007 insuper
1717 1942 2157 2003 BARVICIUS,
2185 1941 2483 1994 Caesarem

274 2012 548 2077 fingulari
570 2012 904 2065 Clementia
923 2018 979 2064 et
997 2015 1184 2078 gratia
1204 2028 1341 2078 erga
1366 2029 1461 2065 me
1489 2011 1766 2066 affectum
1793 2014 1913 2074 esse,
1939 2013 2221 2078 brevique
2246 2015 2482 2078 negotio

274 2084 349 2135 ad
371 2083 729 2135 confiliarios
749 2084 952 2145 relat0‚
975 2083 1128 2136 velle
1151 2100 1387 2136 mecum
1408 2084 1480 2136 de
1500 2084 1711 2137 salario
1733 2080 1754 2153 ΙΙ
1775 2087 2087 2137 annuatim
2107 2084 2480 2137 numerando

274 2162 450 2219 atque
465 2154 829 2208 habitatione
843 2155 1062 2208 idonea
1074 2156 1307 2221 tranfigi
1319 2171 1541 2208 curare.
1557 2156 1798 2208 Interim
1810 2157 2095 2218 iuberent,
2110 2156 2481 2222 Gynaeceum

273 2242 492 2287 meum,
516 2227 676 2291 quod
696 2226 938 2279 Dresdae
958 2242 1055 2278 me
1075 2227 1359 2292 reliquisse
1380 2228 1762 2289 intellexerat,
1784 2228 2033 2293 Pragam
2053 2228 2130 2281 ad
2149 2243 2245 2280 me
2266 2226 2484 2280 advehi

274 2298 505 2359 faciam,
526 2298 702 2362 ipfius
718 2298 1055 2350 Caesaream
1069 2298 1439 2351 Maiestatem
1459 2299 1629 2351 nobis
1645 2299 1921 2351 omnibus
1936 2302 2017 2352 ita
2029 2297 2482 2364 prospectui-am,

275 2376 338 2421 ut
367 2370 443 2420 ad
473 2370 783 2421 commode
809 2370 1133 2421 vivendum
1161 2370 1312 2422 nihil
1340 2370 1403 2422 fit
1433 2371 1789 2422 defuturum.
1821 2371 2023 2434 Quare
2051 2370 2314 2435 sequenti
2341 2385 2484 2422 mox

275 2440 369 2492 die
396 2440 587 2492 filium
607 2440 1074 2493 TYCHONEM
1101 2443 1225 2492 una
1252 2457 1388 2493 cum
1416 2441 1782 2494 CLAUDIO
1804 2442 2138 2502 MULAEO,
2164 2457 2273 2506 pro
2299 2441 2481 2493 addu-

276 2512 462 2563 cendo
485 2511 789 2577 Gynaeceo
810 2511 1097 2564 Dresdam
1123 2512 1265 2573 mifi‚
1294 2513 1453 2577 quod
1478 2512 1600 2577 post
1627 2510 1928 2565 octiduum
1951 2513 2200 2578 Pragam
2227 2512 2480 2565 advenit.

275 2583 471 2635 Intera
497 2583 568 2634 de
594 2582 806 2635 salario
832 2598 1068 2635 mecum
1093 2598 1198 2648 per
1221 2584 1478 2636 eundem
1498 2584 1831 2636 Dominum
1851 2584 2306 2636 BARVICIUM
2328 2590 2384 2636 et
2401 2583 2481 2635 se-

276 2654 590 2719 quentibus
612 2657 790 2707 etiam
810 2654 1036 2719 aliquot
1056 2654 1278 2716 diebuS,
1305 2670 1411 2719 per
1433 2655 1761 2716 intervalla,
1788 2654 1985 2708 actum
2011 2655 2102 2716 est,
2129 2655 2414 2720 fiquidem
2433 2657 2483 2707 is

274 2726 337 2778 fit
370 2727 850 2790 occupatissimus‚
885 2733 940 2778 et
970 2726 1247 2778 nonnulli
1280 2742 1312 2778 e
1345 2726 1726 2779 Senatoribus
1758 2727 2160 2791 Imperatoriae
2191 2726 2483 2778 voluntati

274 2813 399 2849 non
417 2797 551 2849 satis
573 2800 703 2858 citO,
725 2800 810 2849 uti
829 2797 909 2858 fit,
931 2797 1270 2858 auscultent,
1291 2797 1567 2862 lenteque
1588 2800 1792 2850 omnia
1813 2801 1875 2850 in
1894 2798 1997 2850 illa
2017 2797 2159 2850 aula
2173 2798 2248 2850 ob
2262 2799 2482 2863 negoti-

275 2884 448 2921 orum
467 2869 937 2934 magnitudinem
955 2875 1009 2920 et
1027 2871 1261 2934 copiam
1281 2869 1617 2934 procedant.
1641 2869 1932 2934 Cupiente
1946 2885 2088 2921 vero
2103 2868 2481 2922 BARVICIO

276 2956 347 2991 ex
369 2940 619 2992 Caesaris
638 2941 939 3000 mandato,
967 2947 1031 2992 ut
1055 2939 1347 2992 familiam
1366 2956 1581 3001 meam,
1610 2947 1833 3005 quanta
1853 2940 1932 3001 fit,
1955 2947 2011 2993 et
2030 2956 2255 3000 eorum,
2284 2942 2387 3005 qui
2406 2939 2482 2992 ad

274 3013 434 3063 Artis
447 3011 919 3064 sustentationem
930 3014 1383 3076 requirerentur,
1399 3012 1693 3064 summam
1704 3012 2121 3077 confignarem,
2135 3018 2311 3076 atque
2322 3026 2481 3076 mag-

275 3083 605 3135 nitudinem
619 3083 837 3135 horum
852 3086 1124 3135 omnium
1138 3086 1201 3135 in
1214 3090 1369 3144 taxa,
1387 3086 1473 3135 uti
1488 3086 1671 3144 aiunt,
1693 3084 2061 3145 deducerem,
2083 3086 2342 3148 primum
2356 3085 2481 3146 qui—

276 3155 410 3206 dem
436 3155 647 3206 lubens
672 3155 805 3215 feci;
833 3161 893 3207 at
918 3154 1169 3207 alterum
1198 3154 1486 3207 Caesareae
1513 3153 1676 3207 Matis
1698 3155 2169 3208 Clementissimae
2192 3154 2483 3206 voluntati

277 3232 331 3277 et
350 3225 535 3277 libero
556 3226 796 3278 arbitrio
816 3225 1150 3278 humillime
1171 3225 1447 3277 commifi.
1470 3225 1624 3289 Quae
1645 3229 1850 3291 paucis
1869 3225 1990 3290 post
2004 3226 2209 3278 diebus
2223 3225 2364 3277 3000
2378 3240 2480 3277 au-

275 3312 514 3349 reorum
540 3300 602 3349 in
629 3304 787 3350 certa
811 3297 1072 3362 quadam
1097 3299 1352 3362 pecunia
1376 3297 1525 3349 mihi
1550 3297 1944 3363 benignissime
1970 3297 2286 3362 deputavit,
2315 3302 2370 3348 et
2394 3298 2480 3346 in·

274 3368 445 3433 super
471 3369 749 3432 quaedam
776 3369 896 3421 alia
921 3368 1316 3421 accidentaria
1338 3409 1526 3420 ......
1550 3384 1659 3432 pro
1686 3371 2025 3421 oeconomia
2052 3374 2107 3420 et
2132 3368 2263 3432 alijs
2289 3367 2480 3426 rebuS,

2344 3452 2480 3501 quae

2533 1101 2576 1136 10

2535 1458 2576 1492 15

2530 1814 2577 1848 20

2532 2527 2578 2562 30

2531 2883 2578 2918 35

2530 3239 2577 3273 40
