<?xml version="1.0" encoding="UTF-8"?>
<!DOCTYPE html PUBLIC "-//W3C//DTD XHTML 1.0 Transitional//EN"
    "http://www.w3.org/TR/xhtml1/DTD/xhtml1-transitional.dtd">
<html xmlns="http://www.w3.org/1999/xhtml" xml:lang="en" lang="en">
 <head>
  <title>
</title>
<meta http-equiv="Content-Type" content="text/html;charset=utf-8" />
  <meta name='ocr-system' content='tesseract 3.04.00' />
  <meta name='ocr-capabilities' content='ocr_page ocr_carea ocr_par ocr_line ocrx_word'/>
</head>
<body>
  <div class='ocr_page' id='page_1' title='image "./operaomniaedidit08brahuoft/operaomniaedidit08brahuoft_0209.png"; bbox 0 0 2652 4022; ppageno 0'>
   <div class='ocr_carea' id='block_1_1' title="bbox 100 1098 143 1134">
    <p class='ocr_par' dir='ltr' id='par_1_1' title="bbox 100 1098 143 1134">
     <span class='ocr_line' id='line_1_1' title="bbox 100 1098 143 1134; baseline 0.023 -1"><span class='ocrx_word' id='word_1_1' title='bbox 100 1098 143 1134; x_wconf 86' lang='lat'>10</span> 
     </span>
    </p>
   </div>
   <div class='ocr_carea' id='block_1_2' title="bbox 102 1455 143 1489">
    <p class='ocr_par' dir='ltr' id='par_1_2' title="bbox 102 1455 143 1489">
     <span class='ocr_line' id='line_1_2' title="bbox 102 1455 143 1489; baseline 0 0"><span class='ocrx_word' id='word_1_2' title='bbox 102 1455 143 1489; x_wconf 87' lang='lat'>15</span> 
     </span>
    </p>
   </div>
   <div class='ocr_carea' id='block_1_3' title="bbox 99 1811 145 1846">
    <p class='ocr_par' dir='ltr' id='par_1_3' title="bbox 99 1811 145 1846">
     <span class='ocr_line' id='line_1_3' title="bbox 99 1811 145 1846; baseline 0 0"><span class='ocrx_word' id='word_1_3' title='bbox 99 1811 145 1846; x_wconf 88' lang='grc'>20</span> 
     </span>
    </p>
   </div>
   <div class='ocr_carea' id='block_1_4' title="bbox 100 2168 146 2203">
    <p class='ocr_par' dir='ltr' id='par_1_4' title="bbox 100 2168 146 2203">
     <span class='ocr_line' id='line_1_4' title="bbox 100 2168 146 2203; baseline 0 0"><span class='ocrx_word' id='word_1_4' title='bbox 100 2168 146 2203; x_wconf 87' lang='grc'>25</span> 
     </span>
    </p>
   </div>
   <div class='ocr_carea' id='block_1_5' title="bbox 104 2882 151 2917">
    <p class='ocr_par' dir='ltr' id='par_1_5' title="bbox 104 2882 151 2917">
     <span class='ocr_line' id='line_1_5' title="bbox 104 2882 151 2917; baseline 0 0"><span class='ocrx_word' id='word_1_5' title='bbox 104 2882 151 2917; x_wconf 86' lang='grc'>35</span> 
     </span>
    </p>
   </div>
   <div class='ocr_carea' id='block_1_6' title="bbox 107 3239 153 3273">
    <p class='ocr_par' dir='ltr' id='par_1_6' title="bbox 107 3239 153 3273">
     <span class='ocr_line' id='line_1_6' title="bbox 107 3239 153 3273; baseline 0 0"><span class='ocrx_word' id='word_1_6' title='bbox 107 3239 153 3273; x_wconf 78' lang='lat'>40</span> 
     </span>
    </p>
   </div>
   <div class='ocr_carea' id='block_1_7' title="bbox 307 294 2386 362">
    <p class='ocr_par' dir='ltr' id='par_1_7' title="bbox 307 294 2386 362">
     <span class='ocr_line' id='line_1_7' title="bbox 307 294 2386 362; baseline -0.001 -11"><span class='ocrx_word' id='word_1_7' title='bbox 307 296 611 351; x_wconf 90' lang='lat' dir='ltr'>TYCHO</span> <span class='ocrx_word' id='word_1_8' title='bbox 638 296 760 349; x_wconf 88' lang='lat' dir='ltr'>AD</span> <span class='ocrx_word' id='word_1_9' title='bbox 787 296 965 349; x_wconf 90' lang='lat' dir='ltr'>IOH.</span> <span class='ocrx_word' id='word_1_10' title='bbox 989 295 1063 349; x_wconf 91' lang='lat' dir='ltr'>G.</span> <span class='ocrx_word' id='word_1_11' title='bbox 1092 295 1665 350; x_wconf 88' lang='lat' dir='ltr'>HERWARTUM</span> <span class='ocrx_word' id='word_1_12' title='bbox 1691 294 1825 362; x_wconf 75' lang='lat'>6116</span> <span class='ocrx_word' id='word_1_13' title='bbox 1851 296 2046 349; x_wconf 89' lang='lat' dir='ltr'>NOV.</span> <span class='ocrx_word' id='word_1_14' title='bbox 2074 296 2220 349; x_wconf 89' lang='lat'>1599</span> <span class='ocrx_word' id='word_1_15' title='bbox 2293 296 2386 348; x_wconf 89' lang='lat'>195</span> 
     </span>
    </p>
   </div>
   <div class='ocr_carea' id='block_1_8' title="bbox 188 438 2394 1646">
    <p class='ocr_par' dir='ltr' id='par_1_8' title="bbox 188 438 2394 1646">
     <span class='ocr_line' id='line_1_8' title="bbox 261 438 2387 503; baseline -0.002 -10"><span class='ocrx_word' id='word_1_16' title='bbox 261 440 374 493; x_wconf 88' lang='lat' dir='ltr'>Sed</span> <span class='ocrx_word' id='word_1_17' title='bbox 387 440 480 492; x_wconf 92' lang='lat' dir='ltr'>his</span> <span class='ocrx_word' id='word_1_18' title='bbox 493 441 692 491; x_wconf 86' lang='lat' dir='ltr'>minus</span> <span class='ocrx_word' id='word_1_19' title='bbox 705 438 852 490; x_wconf 86' lang='lat' dir='ltr'>forte</span> <span class='ocrx_word' id='word_1_20' title='bbox 866 438 984 491; x_wconf 94' lang='lat' dir='ltr'>huc</span> <span class='ocrx_word' id='word_1_21' title='bbox 1001 438 1424 503; x_wconf 86' lang='lat' dir='ltr'>pertinentibus</span> <span class='ocrx_word' id='word_1_22' title='bbox 1439 440 1665 500; x_wconf 87' lang='lat' dir='ltr'>omissis,</span> <span class='ocrx_word' id='word_1_23' title='bbox 1683 441 1859 491; x_wconf 90' lang='lat' dir='ltr'>venio</span> <span class='ocrx_word' id='word_1_24' title='bbox 1877 454 2036 491; x_wconf 90' lang='lat' dir='ltr'>nunc</span> <span class='ocrx_word' id='word_1_25' title='bbox 2051 438 2127 490; x_wconf 94' lang='lat' dir='ltr'>ad</span> <span class='ocrx_word' id='word_1_26' title='bbox 2142 453 2230 498; x_wconf 87' lang='lat' dir='ltr'>ea,</span> <span class='ocrx_word' id='word_1_27' title='bbox 2252 453 2387 502; x_wconf 85' lang='lat' dir='ltr'>quae</span> 
     </span>
     <span class='ocr_line' id='line_1_9' title="bbox 190 508 2389 575; baseline -0.001 -11"><span class='ocrx_word' id='word_1_28' title='bbox 190 511 617 564; x_wconf 90' lang='lat' dir='ltr'>Mathematica</span> <span class='ocrx_word' id='word_1_29' title='bbox 637 516 692 563; x_wconf 95' lang='lat' dir='ltr'>et</span> <span class='ocrx_word' id='word_1_30' title='bbox 711 509 1120 562; x_wconf 84' lang='lat' dir='ltr'>Astronomica</span> <span class='ocrx_word' id='word_1_31' title='bbox 1139 509 1284 569; x_wconf 91' lang='lat' dir='ltr'>sunt,</span> <span class='ocrx_word' id='word_1_32' title='bbox 1306 512 1368 561; x_wconf 94' lang='lat' dir='ltr'>in</span> <span class='ocrx_word' id='word_1_33' title='bbox 1389 510 1603 574; x_wconf 93' lang='lat' dir='ltr'>quibus</span> <span class='ocrx_word' id='word_1_34' title='bbox 1622 509 1814 562; x_wconf 81' lang='lat' dir='ltr'>nostra</span> <span class='ocrx_word' id='word_1_35' title='bbox 1834 512 2109 575; x_wconf 90' lang='lat' dir='ltr'>utrinque</span> <span class='ocrx_word' id='word_1_36' title='bbox 2129 508 2389 561; x_wconf 89' lang='lat' dir='ltr'>versatur</span> 
     </span>
     <span class='ocr_line' id='line_1_10' title="bbox 188 580 2389 648; baseline -0.001 -13"><span class='ocrx_word' id='word_1_37' title='bbox 188 583 477 648; x_wconf 74' lang='lat' dir='ltr'>voluptas</span> <span class='ocrx_word' id='word_1_38' title='bbox 506 581 684 646; x_wconf 92' lang='lat' dir='ltr'>Quod</span> <span class='ocrx_word' id='word_1_39' title='bbox 709 583 773 633; x_wconf 97' lang='lat' dir='ltr'>in</span> <span class='ocrx_word' id='word_1_40' title='bbox 798 581 979 634; x_wconf 93' lang='lat' dir='ltr'>dubio</span> <span class='ocrx_word' id='word_1_41' title='bbox 1004 581 1108 633; x_wconf 94' lang='lat' dir='ltr'>illo</span> <span class='ocrx_word' id='word_1_42' title='bbox 1134 581 1206 633; x_wconf 91' lang='lat' dir='ltr'>de</span> <span class='ocrx_word' id='word_1_43' title='bbox 1237 585 1274 640; x_wconf 71' lang='lat' dir='ltr'>Q</span> <span class='ocrx_word' id='word_1_44' title='bbox 1302 580 1462 633; x_wconf 85' lang='lat' dir='ltr'>stella</span> <span class='ocrx_word' id='word_1_45' title='bbox 1487 597 1525 633; x_wconf 90' lang='lat' dir='ltr'>a</span> <span class='ocrx_word' id='word_1_46' title='bbox 1557 582 1590 642; x_wconf 61' lang='lat' dir='ltr'>{J</span> <span class='ocrx_word' id='word_1_47' title='bbox 1619 597 1743 633; x_wconf 93' lang='lat' dir='ltr'>non</span> <span class='ocrx_word' id='word_1_48' title='bbox 1770 580 2041 646; x_wconf 86' lang='lat' dir='ltr'>eclipsata</span> <span class='ocrx_word' id='word_1_49' title='bbox 2062 580 2389 633; x_wconf 92' lang='lat' dir='ltr'>rationibus</span> 
     </span>
     <span class='ocr_line' id='line_1_11' title="bbox 189 651 2388 718; baseline -0.001 -12"><span class='ocrx_word' id='word_1_50' title='bbox 189 656 337 706; x_wconf 92' lang='lat' dir='ltr'>meis</span> <span class='ocrx_word' id='word_1_51' title='bbox 357 654 738 718; x_wconf 82' lang='lat' dir='ltr'>acquieveriS,</span> <span class='ocrx_word' id='word_1_52' title='bbox 765 651 916 704; x_wconf 91' lang='lat' dir='ltr'>bene</span> <span class='ocrx_word' id='word_1_53' title='bbox 940 653 1031 714; x_wconf 83' lang='lat' dir='ltr'>est,</span> <span class='ocrx_word' id='word_1_54' title='bbox 1059 652 1214 704; x_wconf 93' lang='lat' dir='ltr'>addo</span> <span class='ocrx_word' id='word_1_55' title='bbox 1234 652 1526 716; x_wconf 88' lang='lat' dir='ltr'><strong>prioribus</strong></span> <span class='ocrx_word' id='word_1_56' title='bbox 1548 658 1602 704; x_wconf 90' lang='lat' dir='ltr'>et</span> <span class='ocrx_word' id='word_1_57' title='bbox 1622 651 1793 704; x_wconf 90' lang='lat' dir='ltr'>hanc.</span> <span class='ocrx_word' id='word_1_58' title='bbox 1821 652 1965 704; x_wconf 96' lang='lat' dir='ltr'>Non</span> <span class='ocrx_word' id='word_1_59' title='bbox 1983 655 2047 704; x_wconf 93' lang='lat' dir='ltr'>in</span> <span class='ocrx_word' id='word_1_60' title='bbox 2067 654 2232 704; x_wconf 94' lang='lat' dir='ltr'>omni</span> <span class='ocrx_word' id='word_1_61' title='bbox 2252 667 2388 703; x_wconf 93' lang='lat' dir='ltr'>con-</span> 
     </span>
     <span class='ocr_line' id='line_1_12' title="bbox 189 722 2390 789; baseline -0.001 -12"><span class='ocrx_word' id='word_1_62' title='bbox 189 723 488 778; x_wconf 68' lang='lat' dir='ltr'>iunctione</span> <span class='ocrx_word' id='word_1_63' title='bbox 516 726 549 786; x_wconf 66' lang='grc' dir='ltr'>ἔξ</span> <span class='ocrx_word' id='word_1_64' title='bbox 574 730 629 776; x_wconf 92' lang='lat' dir='ltr'>et</span> <span class='ocrx_word' id='word_1_65' title='bbox 653 728 690 783; x_wconf 76' lang='grc' dir='ltr'><strong>Ω</strong></span> <span class='ocrx_word' id='word_1_66' title='bbox 714 723 889 789; x_wconf 87' lang='lat' dir='ltr'>ipfius</span> <span class='ocrx_word' id='word_1_67' title='bbox 908 724 1130 776; x_wconf 87' lang='lat' dir='ltr'>stellam</span> <span class='ocrx_word' id='word_1_68' title='bbox 1150 722 1304 775; x_wconf 88' lang='lat' dir='ltr'>infra</span> <span class='ocrx_word' id='word_1_69' title='bbox 1323 723 1478 775; x_wconf 90' lang='lat' dir='ltr'>hanc</span> <span class='ocrx_word' id='word_1_70' title='bbox 1500 724 1619 782; x_wconf 88' lang='lat' dir='ltr'>esse,</span> <span class='ocrx_word' id='word_1_71' title='bbox 1641 722 1735 775; x_wconf 90' lang='lat' dir='ltr'>sed</span> <span class='ocrx_word' id='word_1_72' title='bbox 1756 739 2194 788; x_wconf 93' lang='lat' dir='ltr'>nonnunquam</span> <span class='ocrx_word' id='word_1_73' title='bbox 2211 726 2390 775; x_wconf 93' lang='lat' dir='ltr'>etiam</span> 
     </span>
     <span class='ocr_line' id='line_1_13' title="bbox 189 794 2389 861; baseline -0.001 -13"><span class='ocrx_word' id='word_1_74' title='bbox 189 796 378 861; x_wconf 89' lang='lat' dir='ltr'>supra,</span> <span class='ocrx_word' id='word_1_75' title='bbox 393 795 466 848; x_wconf 89' lang='lat' dir='ltr'>fic</span> <span class='ocrx_word' id='word_1_76' title='bbox 476 794 899 860; x_wconf 83' lang='lat' dir='ltr'>postulantibus</span> <span class='ocrx_word' id='word_1_77' title='bbox 910 811 1035 847; x_wconf 94' lang='lat' dir='ltr'>non</span> <span class='ocrx_word' id='word_1_78' title='bbox 1045 794 1246 847; x_wconf 84' lang='lat' dir='ltr'>saltem</span> <span class='ocrx_word' id='word_1_79' title='bbox 1257 796 1405 846; x_wconf 93' lang='lat' dir='ltr'>meis</span> <span class='ocrx_word' id='word_1_80' title='bbox 1416 796 1588 846; x_wconf 87' lang='lat' dir='ltr'>novis</span> <span class='ocrx_word' id='word_1_81' title='bbox 1599 794 2030 860; x_wconf 82' lang='lat' dir='ltr'>hypothesibus,</span> <span class='ocrx_word' id='word_1_82' title='bbox 2043 810 2178 859; x_wconf 89' lang='lat' dir='ltr'>quae</span> <span class='ocrx_word' id='word_1_83' title='bbox 2189 794 2389 846; x_wconf 88' lang='lat' dir='ltr'>Terrae</span> 
     </span>
     <span class='ocr_line' id='line_1_14' title="bbox 190 865 2390 933; baseline -0.001 -14"><span class='ocrx_word' id='word_1_84' title='bbox 190 870 448 933; x_wconf 89' lang='lat' dir='ltr'>quietem</span> <span class='ocrx_word' id='word_1_85' title='bbox 476 866 785 928; x_wconf 82' lang='lat' dir='ltr'>stabiliunt,</span> <span class='ocrx_word' id='word_1_86' title='bbox 814 866 910 919; x_wconf 93' lang='lat' dir='ltr'>sed</span> <span class='ocrx_word' id='word_1_87' title='bbox 940 874 995 919; x_wconf 92' lang='lat' dir='ltr'>et</span> <span class='ocrx_word' id='word_1_88' title='bbox 1021 866 1402 932; x_wconf 90' lang='lat' dir='ltr'>Coperniceis</span> <span class='ocrx_word' id='word_1_89' title='bbox 1430 865 1817 918; x_wconf 89' lang='lat' dir='ltr'><strong>mobilitatem</strong></span> <span class='ocrx_word' id='word_1_90' title='bbox 1847 866 2038 918; x_wconf 92' lang='lat' dir='ltr'>eidem</span> <span class='ocrx_word' id='word_1_91' title='bbox 2066 865 2162 918; x_wconf 89' lang='lat' dir='ltr'>vel</span> <span class='ocrx_word' id='word_1_92' title='bbox 2188 868 2390 917; x_wconf 86' lang='lat' dir='ltr'>invitae</span> 
     </span>
     <span class='ocr_line' id='line_1_15' title="bbox 190 936 2389 1002; baseline -0.001 -11"><span class='ocrx_word' id='word_1_93' title='bbox 190 938 651 992; x_wconf 82' lang='lat' dir='ltr'>obtrudentibuS.</span> <span class='ocrx_word' id='word_1_94' title='bbox 679 937 834 1002; x_wconf 88' lang='lat' dir='ltr'>Quae</span> <span class='ocrx_word' id='word_1_95' title='bbox 860 938 932 990; x_wconf 94' lang='lat' dir='ltr'>de</span> <span class='ocrx_word' id='word_1_96' title='bbox 957 944 1126 990; x_wconf 94' lang='lat' dir='ltr'>motu</span> <span class='ocrx_word' id='word_1_97' title='bbox 1145 937 1298 990; x_wconf 92' lang='lat' dir='ltr'>Solis</span> <span class='ocrx_word' id='word_1_98' title='bbox 1319 943 1374 989; x_wconf 91' lang='lat' dir='ltr'>et</span> <span class='ocrx_word' id='word_1_99' title='bbox 1394 937 1582 989; x_wconf 86' lang='lat' dir='ltr'>Lunae</span> <span class='ocrx_word' id='word_1_100' title='bbox 1608 939 1671 988; x_wconf 93' lang='lat' dir='ltr'>in</span> <span class='ocrx_word' id='word_1_101' title='bbox 1696 936 1989 1002; x_wconf 90' lang='lat' dir='ltr'>prioribus</span> <span class='ocrx_word' id='word_1_102' title='bbox 2015 939 2202 997; x_wconf 95' lang='lat' dir='ltr'>innui,</span> <span class='ocrx_word' id='word_1_103' title='bbox 2230 951 2389 1002; x_wconf 86' lang='lat' dir='ltr'>quae-</span> 
     </span>
     <span class='ocr_line' id='line_1_16' title="bbox 191 1007 2389 1075; baseline -0.001 -13"><span class='ocrx_word' id='word_1_104' title='bbox 191 1026 306 1075; x_wconf 93' lang='lat' dir='ltr'>que</span> <span class='ocrx_word' id='word_1_105' title='bbox 327 1026 364 1062; x_wconf 95' lang='lat' dir='ltr'>a</span> <span class='ocrx_word' id='word_1_106' title='bbox 382 1016 438 1061; x_wconf 90' lang='lat' dir='ltr'>te</span> <span class='ocrx_word' id='word_1_107' title='bbox 457 1009 694 1062; x_wconf 86' lang='lat' dir='ltr'>solerter</span> <span class='ocrx_word' id='word_1_108' title='bbox 714 1016 769 1061; x_wconf 92' lang='lat' dir='ltr'>et</span> <span class='ocrx_word' id='word_1_109' title='bbox 789 1007 1196 1074; x_wconf 70' lang='lat' dir='ltr'>circumspecte</span> <span class='ocrx_word' id='word_1_110' title='bbox 1216 1007 1362 1060; x_wconf 93' lang='lat' dir='ltr'>inibi</span> <span class='ocrx_word' id='word_1_111' title='bbox 1383 1007 1637 1073; x_wconf 91' lang='lat' dir='ltr'>expensa</span> <span class='ocrx_word' id='word_1_112' title='bbox 1661 1008 1928 1072; x_wconf 88' lang='lat' dir='ltr'>placuisse</span> <span class='ocrx_word' id='word_1_113' title='bbox 1948 1009 2139 1069; x_wconf 90' lang='lat' dir='ltr'>video,</span> <span class='ocrx_word' id='word_1_114' title='bbox 2165 1010 2247 1060; x_wconf 91' lang='lat' dir='ltr'>ita</span> <span class='ocrx_word' id='word_1_115' title='bbox 2267 1023 2389 1059; x_wconf 93' lang='lat' dir='ltr'>om-</span> 
     </span>
     <span class='ocr_line' id='line_1_17' title="bbox 190 1079 2390 1146; baseline -0.001 -13"><span class='ocrx_word' id='word_1_116' title='bbox 190 1084 336 1134; x_wconf 91' lang='lat' dir='ltr'>nino</span> <span class='ocrx_word' id='word_1_117' title='bbox 367 1080 423 1133; x_wconf 93' lang='lat' dir='ltr'>se</span> <span class='ocrx_word' id='word_1_118' title='bbox 455 1080 674 1133; x_wconf 90' lang='lat' dir='ltr'>habere</span> <span class='ocrx_word' id='word_1_119' title='bbox 710 1083 1073 1146; x_wconf 86' lang='lat' dir='ltr'>apparentiae</span> <span class='ocrx_word' id='word_1_120' title='bbox 1109 1079 1520 1140; x_wconf 84' lang='lat' dir='ltr'>demonstrant,</span> <span class='ocrx_word' id='word_1_121' title='bbox 1555 1081 1963 1144; x_wconf 91' lang='lat' dir='ltr'>maioremque</span> <span class='ocrx_word' id='word_1_122' title='bbox 1998 1080 2167 1131; x_wconf 91' lang='lat' dir='ltr'>inesse</span> <span class='ocrx_word' id='word_1_123' title='bbox 2202 1079 2390 1131; x_wconf 90' lang='lat' dir='ltr'>Lunae</span> 
     </span>
     <span class='ocr_line' id='line_1_18' title="bbox 190 1147 2391 1217; baseline -0.001 -12"><span class='ocrx_word' id='word_1_124' title='bbox 190 1154 378 1205; x_wconf 92' lang='lat' dir='ltr'>motui</span> <span class='ocrx_word' id='word_1_125' title='bbox 402 1154 763 1213; x_wconf 89' lang='lat' dir='ltr'>varietatem,</span> <span class='ocrx_word' id='word_1_126' title='bbox 791 1168 974 1217; x_wconf 93' lang='lat' dir='ltr'>quam</span> <span class='ocrx_word' id='word_1_127' title='bbox 999 1150 1284 1205; x_wconf 73' lang='lat' dir='ltr'>hactenus</span> <span class='ocrx_word' id='word_1_128' title='bbox 1309 1149 1670 1216; x_wconf 71' lang='lat' dir='ltr'>perspectum</span> <span class='ocrx_word' id='word_1_129' title='bbox 1697 1150 1788 1211; x_wconf 87' lang='lat' dir='ltr'>est,</span> <span class='ocrx_word' id='word_1_130' title='bbox 1817 1153 2190 1203; x_wconf 89' lang='lat' dir='ltr'>convincunt.</span> <span class='ocrx_word' id='word_1_131' title='bbox 2220 1147 2391 1202; x_wconf 72' lang='lat' dir='ltr'>Rec&#39;te</span> 
     </span>
     <span class='ocr_line' id='line_1_19' title="bbox 190 1221 2393 1287; baseline -0.001 -11"><span class='ocrx_word' id='word_1_132' title='bbox 190 1223 328 1277; x_wconf 90' lang='lat' dir='ltr'>sane</span> <span class='ocrx_word' id='word_1_133' title='bbox 342 1224 414 1276; x_wconf 91' lang='lat' dir='ltr'>de</span> <span class='ocrx_word' id='word_1_134' title='bbox 427 1230 695 1276; x_wconf 88' lang='lat' dir='ltr'>veterum</span> <span class='ocrx_word' id='word_1_135' title='bbox 712 1223 1214 1276; x_wconf 87' lang='lat' dir='ltr'>observationibus</span> <span class='ocrx_word' id='word_1_136' title='bbox 1233 1222 1539 1275; x_wconf 86' lang='lat' dir='ltr'>censuram</span> <span class='ocrx_word' id='word_1_137' title='bbox 1554 1221 1796 1287; x_wconf 82' lang='lat' dir='ltr'>proferS,</span> <span class='ocrx_word' id='word_1_138' title='bbox 1819 1237 1919 1274; x_wconf 91' lang='lat' dir='ltr'>eas</span> <span class='ocrx_word' id='word_1_139' title='bbox 1940 1222 2112 1274; x_wconf 87' lang='lat' dir='ltr'>crassa</span> <span class='ocrx_word' id='word_1_140' title='bbox 2133 1222 2393 1286; x_wconf 92' lang='lat' dir='ltr'>quadam</span> 
     </span>
     <span class='ocr_line' id='line_1_20' title="bbox 191 1292 2392 1360; baseline -0.002 -12"><span class='ocrx_word' id='word_1_141' title='bbox 191 1295 471 1348; x_wconf 89' lang='lat' dir='ltr'>Minerva</span> <span class='ocrx_word' id='word_1_142' title='bbox 496 1302 764 1360; x_wconf 91' lang='lat' dir='ltr'>acceptas</span> <span class='ocrx_word' id='word_1_143' title='bbox 791 1296 911 1356; x_wconf 84' lang='lat' dir='ltr'>esse,</span> <span class='ocrx_word' id='word_1_144' title='bbox 939 1310 1122 1360; x_wconf 92' lang='lat' dir='ltr'>quam</span> <span class='ocrx_word' id='word_1_145' title='bbox 1142 1297 1302 1346; x_wconf 92' lang='lat' dir='ltr'>enim</span> <span class='ocrx_word' id='word_1_146' title='bbox 1326 1294 1448 1346; x_wconf 92' lang='lat' dir='ltr'>lata</span> <span class='ocrx_word' id='word_1_147' title='bbox 1472 1294 1748 1359; x_wconf 87' lang='lat' dir='ltr'>indagine</span> <span class='ocrx_word' id='word_1_148' title='bbox 1769 1292 1890 1357; x_wconf 89' lang='lat' dir='ltr'>ipsa</span> <span class='ocrx_word' id='word_1_149' title='bbox 1908 1292 2166 1345; x_wconf 89' lang='lat' dir='ltr'>fixarum</span> <span class='ocrx_word' id='word_1_150' title='bbox 2184 1292 2332 1352; x_wconf 92' lang='lat' dir='ltr'>loca,</span> <span class='ocrx_word' id='word_1_151' title='bbox 2360 1307 2392 1343; x_wconf 94' lang='lat' dir='ltr'>e</span> 
     </span>
     <span class='ocr_line' id='line_1_21' title="bbox 192 1364 2394 1432; baseline -0.002 -13"><span class='ocrx_word' id='word_1_152' title='bbox 192 1367 405 1432; x_wconf 91' lang='lat' dir='ltr'>quibus</span> <span class='ocrx_word' id='word_1_153' title='bbox 433 1366 814 1419; x_wconf 89' lang='lat' dir='ltr'>Planetarum</span> <span class='ocrx_word' id='word_1_154' title='bbox 842 1366 1276 1419; x_wconf 90' lang='lat' dir='ltr'>observationes</span> <span class='ocrx_word' id='word_1_155' title='bbox 1305 1365 1654 1430; x_wconf 92' lang='lat' dir='ltr'>dependent,</span> <span class='ocrx_word' id='word_1_156' title='bbox 1687 1365 2037 1424; x_wconf 76' lang='lat' dir='ltr'>denotarint,</span> <span class='ocrx_word' id='word_1_157' title='bbox 2070 1364 2207 1416; x_wconf 90' lang='lat' dir='ltr'>inde</span> <span class='ocrx_word' id='word_1_158' title='bbox 2236 1369 2394 1428; x_wconf 89' lang='lat' dir='ltr'>patet</span> 
     </span>
     <span class='ocr_line' id='line_1_22' title="bbox 193 1434 2394 1503; baseline -0.002 -13"><span class='ocrx_word' id='word_1_159' title='bbox 193 1437 352 1503; x_wconf 91' lang='lat' dir='ltr'>quod</span> <span class='ocrx_word' id='word_1_160' title='bbox 372 1453 496 1490; x_wconf 91' lang='lat' dir='ltr'>non</span> <span class='ocrx_word' id='word_1_161' title='bbox 515 1437 717 1490; x_wconf 79' lang='lat' dir='ltr'>saltem</span> <span class='ocrx_word' id='word_1_162' title='bbox 737 1437 891 1490; x_wconf 89' lang='lat' dir='ltr'>ultra</span> <span class='ocrx_word' id='word_1_163' title='bbox 910 1437 1131 1490; x_wconf 84' lang='lat' dir='ltr'>sextam</span> <span class='ocrx_word' id='word_1_164' title='bbox 1150 1437 1365 1503; x_wconf 89' lang='lat' dir='ltr'>gradus</span> <span class='ocrx_word' id='word_1_165' title='bbox 1384 1443 1613 1502; x_wconf 91' lang='lat' dir='ltr'>partem</span> <span class='ocrx_word' id='word_1_166' title='bbox 1632 1435 1795 1488; x_wconf 91' lang='lat' dir='ltr'>haud</span> <span class='ocrx_word' id='word_1_167' title='bbox 1808 1435 2025 1488; x_wconf 91' lang='lat' dir='ltr'>fuerint</span> <span class='ocrx_word' id='word_1_168' title='bbox 2038 1435 2278 1494; x_wconf 91' lang='lat' dir='ltr'>solliciti,</span> <span class='ocrx_word' id='word_1_169' title='bbox 2298 1434 2394 1486; x_wconf 92' lang='lat' dir='ltr'>sed</span> 
     </span>
     <span class='ocr_line' id='line_1_23' title="bbox 193 1506 2392 1574; baseline -0.002 -12"><span class='ocrx_word' id='word_1_170' title='bbox 193 1525 269 1562; x_wconf 92' lang='lat' dir='ltr'>ne</span> <span class='ocrx_word' id='word_1_171' title='bbox 294 1508 450 1562; x_wconf 92' lang='lat' dir='ltr'>hanc</span> <span class='ocrx_word' id='word_1_172' title='bbox 476 1509 717 1574; x_wconf 92' lang='lat' dir='ltr'>quidem</span> <span class='ocrx_word' id='word_1_173' title='bbox 739 1509 959 1574; x_wconf 92' lang='lat' dir='ltr'>ubique</span> <span class='ocrx_word' id='word_1_174' title='bbox 979 1511 1286 1574; x_wconf 91' lang='lat' dir='ltr'>attigerint,</span> <span class='ocrx_word' id='word_1_175' title='bbox 1313 1510 1499 1560; x_wconf 93' lang='lat' dir='ltr'>immo</span> <span class='ocrx_word' id='word_1_176' title='bbox 1525 1522 1963 1572; x_wconf 92' lang='lat' dir='ltr'>nonnunquam</span> <span class='ocrx_word' id='word_1_177' title='bbox 1982 1509 2083 1559; x_wconf 86' lang='lat' dir='ltr'>vix</span> <span class='ocrx_word' id='word_1_178' title='bbox 2101 1506 2392 1564; x_wconf 88' lang='lat' dir='ltr'>semissem,</span> 
     </span>
     <span class='ocr_line' id='line_1_24' title="bbox 192 1579 2393 1646; baseline -0.002 -13"><span class='ocrx_word' id='word_1_179' title='bbox 192 1580 574 1646; x_wconf 90' lang='lat' dir='ltr'>prodentibus</span> <span class='ocrx_word' id='word_1_180' title='bbox 594 1581 653 1633; x_wconf 93' lang='lat' dir='ltr'>id</span> <span class='ocrx_word' id='word_1_181' title='bbox 674 1583 1002 1633; x_wconf 91' lang='lat' dir='ltr'>etiamnum</span> <span class='ocrx_word' id='word_1_182' title='bbox 1023 1580 1319 1632; x_wconf 91' lang='lat' dir='ltr'>stellarum</span> <span class='ocrx_word' id='word_1_183' title='bbox 1345 1579 1639 1645; x_wconf 81' lang='lat' dir='ltr'>distantijS,</span> <span class='ocrx_word' id='word_1_184' title='bbox 1667 1594 1803 1644; x_wconf 88' lang='lat' dir='ltr'>quae</span> <span class='ocrx_word' id='word_1_185' title='bbox 1830 1581 2140 1630; x_wconf 86' lang='lat' dir='ltr'>invariatae</span> <span class='ocrx_word' id='word_1_186' title='bbox 2165 1592 2393 1642; x_wconf 92' lang='lat' dir='ltr'>perma-</span> 
     </span>
    </p>
   </div>
   <div class='ocr_carea' id='block_1_9' title="bbox 128 1644 2395 1718">
    <p class='ocr_par' dir='ltr' id='par_1_9' title="bbox 128 1644 2395 1718">
     <span class='ocr_line' id='line_1_25' title="bbox 128 1644 2395 1718; baseline -0.002 -14"><span class='ocrx_word' id='word_1_187' title='bbox 128 1670 144 1688; x_wconf 72' lang='lat' dir='ltr'>r</span> <span class='ocrx_word' id='word_1_188' title='bbox 193 1659 335 1704; x_wconf 92' lang='lat' dir='ltr'>nent</span> <span class='ocrx_word' id='word_1_189' title='bbox 366 1652 625 1717; x_wconf 90' lang='lat' dir='ltr'>ipsorum</span> <span class='ocrx_word' id='word_1_190' title='bbox 656 1654 920 1704; x_wconf 90' lang='lat' dir='ltr'>numeris</span> <span class='ocrx_word' id='word_1_191' title='bbox 950 1668 1075 1704; x_wconf 93' lang='lat' dir='ltr'>non</span> <span class='ocrx_word' id='word_1_192' title='bbox 1106 1650 1571 1704; x_wconf 84' lang='lat' dir='ltr'>accordantibuS.</span> <span class='ocrx_word' id='word_1_193' title='bbox 1612 1650 1772 1714; x_wconf 92' lang='lat' dir='ltr'>Quid</span> <span class='ocrx_word' id='word_1_194' title='bbox 1804 1653 1992 1716; x_wconf 87' lang='lat' dir='ltr'>igitur,</span> <span class='ocrx_word' id='word_1_195' title='bbox 2026 1644 2047 1718; x_wconf 81' lang='grc' dir='ltr'>ΙΙ</span> <span class='ocrx_word' id='word_1_196' title='bbox 2080 1648 2295 1714; x_wconf 87' lang='lat' dir='ltr'>quaes0,</span> <span class='ocrx_word' id='word_1_197' title='bbox 2332 1650 2395 1699; x_wconf 94' lang='lat' dir='ltr'>in</span> 
     </span>
    </p>
   </div>
   <div class='ocr_carea' id='block_1_10' title="bbox 192 1719 2401 3496">
    <p class='ocr_par' dir='ltr' id='par_1_10' title="bbox 192 1719 2401 3429">
     <span class='ocr_line' id='line_1_26' title="bbox 193 1719 2393 1788; baseline -0.002 -13"><span class='ocrx_word' id='word_1_198' title='bbox 193 1725 418 1776; x_wconf 86' lang='lat' dir='ltr'>caeteris</span> <span class='ocrx_word' id='word_1_199' title='bbox 436 1723 719 1775; x_wconf 92' lang='lat' dir='ltr'>subtiliori</span> <span class='ocrx_word' id='word_1_200' title='bbox 737 1723 1002 1788; x_wconf 90' lang='lat' dir='ltr'>indagini</span> <span class='ocrx_word' id='word_1_201' title='bbox 1021 1723 1294 1788; x_wconf 84' lang='lat' dir='ltr'>obnoxiJ&#39;s</span> <span class='ocrx_word' id='word_1_202' title='bbox 1313 1722 1583 1787; x_wconf 87' lang='lat' dir='ltr'>praestare</span> <span class='ocrx_word' id='word_1_203' title='bbox 1603 1719 1934 1786; x_wconf 78' lang='lat' dir='ltr'>potuerint?</span> <span class='ocrx_word' id='word_1_204' title='bbox 1955 1721 2157 1785; x_wconf 90' lang='lat' dir='ltr'>Quare</span> <span class='ocrx_word' id='word_1_205' title='bbox 2171 1735 2295 1772; x_wconf 93' lang='lat' dir='ltr'>non</span> <span class='ocrx_word' id='word_1_206' title='bbox 2309 1722 2393 1771; x_wconf 93' lang='lat' dir='ltr'>in-</span> 
     </span>
     <span class='ocr_line' id='line_1_27' title="bbox 192 1790 2395 1859; baseline -0.002 -12"><span class='ocrx_word' id='word_1_207' title='bbox 192 1797 349 1847; x_wconf 89' lang='lat' dir='ltr'>iuria</span> <span class='ocrx_word' id='word_1_208' title='bbox 373 1794 605 1847; x_wconf 91' lang='lat' dir='ltr'>dubitas</span> <span class='ocrx_word' id='word_1_209' title='bbox 631 1795 703 1847; x_wconf 92' lang='lat' dir='ltr'>de</span> <span class='ocrx_word' id='word_1_210' title='bbox 729 1794 1133 1859; x_wconf 91' lang='lat' dir='ltr'>obliquatione</span> <span class='ocrx_word' id='word_1_211' title='bbox 1160 1793 1431 1859; x_wconf 87' lang='lat' dir='ltr'>Signiferi</span> <span class='ocrx_word' id='word_1_212' title='bbox 1455 1794 1529 1846; x_wconf 93' lang='lat' dir='ltr'>ab</span> <span class='ocrx_word' id='word_1_213' title='bbox 1556 1792 2019 1845; x_wconf 88' lang='lat' dir='ltr'>HIPPARCHO</span> <span class='ocrx_word' id='word_1_214' title='bbox 2044 1798 2099 1844; x_wconf 94' lang='lat' dir='ltr'>et</span> <span class='ocrx_word' id='word_1_215' title='bbox 2121 1790 2395 1843; x_wconf 91' lang='lat' dir='ltr'>PTOLE-</span> 
     </span>
     <span class='ocr_line' id='line_1_28' title="bbox 194 1861 2394 1930; baseline -0.002 -12"><span class='ocrx_word' id='word_1_216' title='bbox 194 1865 400 1919; x_wconf 91' lang='lat' dir='ltr'>MAEO</span> <span class='ocrx_word' id='word_1_217' title='bbox 422 1868 587 1918; x_wconf 90' lang='lat' dir='ltr'>iuxta</span> <span class='ocrx_word' id='word_1_218' title='bbox 607 1865 1203 1919; x_wconf 89' lang='lat' dir='ltr'>ERATHOSTENIS</span> <span class='ocrx_word' id='word_1_219' title='bbox 1222 1865 1506 1930; x_wconf 92' lang='lat' dir='ltr'>placitum</span> <span class='ocrx_word' id='word_1_220' title='bbox 1524 1870 1765 1924; x_wconf 90' lang='lat' dir='ltr'>retenta,</span> <span class='ocrx_word' id='word_1_221' title='bbox 1792 1870 1968 1928; x_wconf 93' lang='lat' dir='ltr'>atque</span> <span class='ocrx_word' id='word_1_222' title='bbox 1989 1863 2127 1915; x_wconf 91' lang='lat' dir='ltr'>hinc</span> <span class='ocrx_word' id='word_1_223' title='bbox 2148 1861 2394 1914; x_wconf 86' lang='lat' dir='ltr'>occafio-</span> 
     </span>
     <span class='ocr_line' id='line_1_29' title="bbox 193 1934 2395 2003; baseline -0.002 -13"><span class='ocrx_word' id='word_1_224' title='bbox 193 1953 333 1990; x_wconf 92' lang='lat' dir='ltr'>nem</span> <span class='ocrx_word' id='word_1_225' title='bbox 350 1937 484 1990; x_wconf 88' lang='lat' dir='ltr'>satis</span> <span class='ocrx_word' id='word_1_226' title='bbox 501 1937 798 2003; x_wconf 91' lang='lat' dir='ltr'>ingeniose</span> <span class='ocrx_word' id='word_1_227' title='bbox 815 1939 1063 1997; x_wconf 82' lang='lat' dir='ltr'>inveniS,</span> <span class='ocrx_word' id='word_1_228' title='bbox 1085 1952 1189 1989; x_wconf 91' lang='lat' dir='ltr'>cur</span> <span class='ocrx_word' id='word_1_229' title='bbox 1201 1935 1708 1989; x_wconf 91' lang='lat' dir='ltr'><strong>PTOLEMAEUS</strong></span> <span class='ocrx_word' id='word_1_230' title='bbox 1729 1937 1814 1998; x_wconf 61' lang='grc' dir='ltr'>(ζ88</span> <span class='ocrx_word' id='word_1_231' title='bbox 1827 1934 2197 1987; x_wconf 91' lang='lat' dir='ltr'>latitudinem</span> <span class='ocrx_word' id='word_1_232' title='bbox 2210 1935 2395 1985; x_wconf 93' lang='lat' dir='ltr'>maxi-</span> 
     </span>
     <span class='ocr_line' id='line_1_30' title="bbox 193 2003 2397 2074; baseline -0.002 -13"><span class='ocrx_word' id='word_1_233' title='bbox 193 2024 358 2061; x_wconf 92' lang='lat' dir='ltr'>mam</span> <span class='ocrx_word' id='word_1_234' title='bbox 376 2011 546 2061; x_wconf 91' lang='lat' dir='ltr'>tertia</span> <span class='ocrx_word' id='word_1_235' title='bbox 565 2009 779 2074; x_wconf 92' lang='lat' dir='ltr'>gradus</span> <span class='ocrx_word' id='word_1_236' title='bbox 798 2015 963 2073; x_wconf 92' lang='lat' dir='ltr'>parte</span> <span class='ocrx_word' id='word_1_237' title='bbox 983 2011 1046 2061; x_wconf 92' lang='lat' dir='ltr'>in</span> <span class='ocrx_word' id='word_1_238' title='bbox 1071 2006 1239 2069; x_wconf 64' lang='lat' dir='ltr'>[Puris</span> <span class='ocrx_word' id='word_1_239' title='bbox 1259 2010 1568 2067; x_wconf 91' lang='lat' dir='ltr'>minorem,</span> <span class='ocrx_word' id='word_1_240' title='bbox 1591 2022 1773 2072; x_wconf 92' lang='lat' dir='ltr'>quam</span> <span class='ocrx_word' id='word_1_241' title='bbox 1790 2022 1827 2059; x_wconf 95' lang='lat' dir='ltr'>a</span> <span class='ocrx_word' id='word_1_242' title='bbox 1843 2006 2014 2058; x_wconf 93' lang='lat' dir='ltr'>nobis</span> <span class='ocrx_word' id='word_1_243' title='bbox 2035 2003 2397 2070; x_wconf 91' lang='lat' dir='ltr'>deprehensa</span> 
     </span>
     <span class='ocr_line' id='line_1_31' title="bbox 195 2075 2396 2145; baseline -0.002 -13"><span class='ocrx_word' id='word_1_244' title='bbox 195 2080 287 2141; x_wconf 88' lang='lat' dir='ltr'>est,</span> <span class='ocrx_word' id='word_1_245' title='bbox 314 2079 583 2132; x_wconf 78' lang='lat' dir='ltr'>statuerit.</span> <span class='ocrx_word' id='word_1_246' title='bbox 611 2080 808 2145; x_wconf 88' lang='lat' dir='ltr'>Atque</span> <span class='ocrx_word' id='word_1_247' title='bbox 828 2079 959 2133; x_wconf 87' lang='lat' dir='ltr'>haec</span> <span class='ocrx_word' id='word_1_248' title='bbox 977 2079 1328 2132; x_wconf 92' lang='lat' dir='ltr'>iamdudum</span> <span class='ocrx_word' id='word_1_249' title='bbox 1347 2081 1603 2144; x_wconf 90' lang='lat' dir='ltr'>penitius</span> <span class='ocrx_word' id='word_1_250' title='bbox 1625 2077 2041 2142; x_wconf 87' lang='lat' dir='ltr'>introspicienti</span> <span class='ocrx_word' id='word_1_251' title='bbox 2061 2075 2224 2136; x_wconf 89' lang='lat' dir='ltr'>mihi,</span> <span class='ocrx_word' id='word_1_252' title='bbox 2253 2075 2396 2127; x_wconf 93' lang='lat' dir='ltr'>dum</span> 
     </span>
     <span class='ocr_line' id='line_1_32' title="bbox 194 2146 2395 2216; baseline -0.003 -12"><span class='ocrx_word' id='word_1_253' title='bbox 194 2151 532 2204; x_wconf 89' lang='lat' dir='ltr'>latitudines</span> <span class='ocrx_word' id='word_1_254' title='bbox 558 2150 831 2212; x_wconf 88' lang='lat' dir='ltr'>fixarum,</span> <span class='ocrx_word' id='word_1_255' title='bbox 857 2167 966 2216; x_wconf 92' lang='lat' dir='ltr'>pro</span> <span class='ocrx_word' id='word_1_256' title='bbox 991 2154 1220 2203; x_wconf 91' lang='lat' dir='ltr'>ratione</span> <span class='ocrx_word' id='word_1_257' title='bbox 1245 2152 1590 2203; x_wconf 87' lang='lat' dir='ltr'>variationis</span> <span class='ocrx_word' id='word_1_258' title='bbox 1614 2149 1973 2214; x_wconf 89' lang='lat' dir='ltr'>obliquitatis</span> <span class='ocrx_word' id='word_1_259' title='bbox 1993 2147 2288 2213; x_wconf 87' lang='lat' dir='ltr'>Eclipticae</span> <span class='ocrx_word' id='word_1_260' title='bbox 2314 2146 2395 2199; x_wconf 92' lang='lat' dir='ltr'>al-</span> 
     </span>
     <span class='ocr_line' id='line_1_33' title="bbox 194 2218 2397 2288; baseline -0.003 -13"><span class='ocrx_word' id='word_1_261' title='bbox 194 2229 411 2276; x_wconf 88' lang='lat' dir='ltr'>teratas</span> <span class='ocrx_word' id='word_1_262' title='bbox 440 2223 543 2275; x_wconf 91' lang='lat' dir='ltr'>esse</span> <span class='ocrx_word' id='word_1_263' title='bbox 573 2222 969 2287; x_wconf 85' lang='lat' dir='ltr'>deprehendo,</span> <span class='ocrx_word' id='word_1_264' title='bbox 1003 2222 1511 2288; x_wconf 92' lang='lat' dir='ltr'>quemadmodum</span> <span class='ocrx_word' id='word_1_265' title='bbox 1538 2220 1730 2273; x_wconf 93' lang='lat' dir='ltr'>Tomo</span> <span class='ocrx_word' id='word_1_266' title='bbox 1760 2220 1785 2272; x_wconf 95' lang='lat' dir='ltr'>I</span> <span class='ocrx_word' id='word_1_267' title='bbox 1813 2218 2397 2286; x_wconf 87' lang='lat' dir='ltr'>Progymnasmatum</span> 
     </span>
     <span class='ocr_line' id='line_1_34' title="bbox 194 2289 2399 2356; baseline -0.003 -10"><span class='ocrx_word' id='word_1_268' title='bbox 194 2294 525 2346; x_wconf 81' lang='lat' dir='ltr'>Astronom.</span> <span class='ocrx_word' id='word_1_269' title='bbox 547 2309 579 2346; x_wconf 93' lang='lat' dir='ltr'>e</span> <span class='ocrx_word' id='word_1_270' title='bbox 599 2294 803 2346; x_wconf 84' lang='lat' dir='ltr'>nostris</span> <span class='ocrx_word' id='word_1_271' title='bbox 824 2310 869 2347; x_wconf 93' lang='lat' dir='ltr'>c.</span> <span class='ocrx_word' id='word_1_272' title='bbox 891 2294 926 2346; x_wconf 90' lang='lat'>2</span> <span class='ocrx_word' id='word_1_273' title='bbox 943 2294 1271 2346; x_wconf 89' lang='lat' dir='ltr'>luculenter</span> <span class='ocrx_word' id='word_1_274' title='bbox 1300 2292 1647 2354; x_wconf 83' lang='lat' dir='ltr'>demonstrO,</span> <span class='ocrx_word' id='word_1_275' title='bbox 1673 2291 1895 2345; x_wconf 91' lang='lat' dir='ltr'>attendi</span> <span class='ocrx_word' id='word_1_276' title='bbox 1921 2291 2081 2356; x_wconf 93' lang='lat' dir='ltr'>quod</span> <span class='ocrx_word' id='word_1_277' title='bbox 2107 2289 2399 2355; x_wconf 91' lang='lat' dir='ltr'>applicata</span> 
     </span>
     <span class='ocr_line' id='line_1_35' title="bbox 195 2362 2397 2431; baseline -0.003 -13"><span class='ocrx_word' id='word_1_278' title='bbox 195 2365 578 2418; x_wconf 91' lang='lat' dir='ltr'>inclinatione</span> <span class='ocrx_word' id='word_1_279' title='bbox 594 2365 889 2431; x_wconf 84' lang='lat' dir='ltr'>Eclipticae</span> <span class='ocrx_word' id='word_1_280' title='bbox 909 2368 1190 2427; x_wconf 90' lang='lat' dir='ltr'>maxima,</span> <span class='ocrx_word' id='word_1_281' title='bbox 1211 2380 1395 2430; x_wconf 91' lang='lat' dir='ltr'>quam</span> <span class='ocrx_word' id='word_1_282' title='bbox 1408 2364 1647 2430; x_wconf 91' lang='lat' dir='ltr'>ipsemet</span> <span class='ocrx_word' id='word_1_283' title='bbox 1660 2363 1972 2428; x_wconf 91' lang='lat' dir='ltr'>aliquoties</span> <span class='ocrx_word' id='word_1_284' title='bbox 1986 2362 2397 2414; x_wconf 85' lang='lat' dir='ltr'>accuratissime</span> 
     </span>
     <span class='ocr_line' id='line_1_36' title="bbox 196 2431 2396 2498; baseline -0.003 -8"><span class='ocrx_word' id='word_1_285' title='bbox 196 2437 478 2490; x_wconf 88' lang='lat' dir='ltr'>adinveni</span> <span class='ocrx_word' id='word_1_286' title='bbox 508 2437 567 2489; x_wconf 91' lang='lat' dir='ltr'>P.</span> <span class='ocrx_word' id='word_1_287' title='bbox 601 2436 669 2489; x_wconf 87' lang='lat'>23</span> <span class='ocrx_word' id='word_1_288' title='bbox 703 2437 789 2489; x_wconf 90' lang='lat' dir='ltr'>M.</span> <span class='ocrx_word' id='word_1_289' title='bbox 822 2437 911 2491; x_wconf 58' lang='lat'>312}—</span> <span class='ocrx_word' id='word_1_290' title='bbox 942 2437 1018 2490; x_wconf 91' lang='lat' dir='ltr'>ad</span> <span class='ocrx_word' id='word_1_291' title='bbox 1051 2452 1152 2490; x_wconf 92' lang='lat' dir='ltr'>eas</span> <span class='ocrx_word' id='word_1_292' title='bbox 1183 2436 1479 2489; x_wconf 88' lang='lat' dir='ltr'>stellarum</span> <span class='ocrx_word' id='word_1_293' title='bbox 1510 2435 1949 2495; x_wconf 82' lang='lat' dir='ltr'>declinationeS,</span> <span class='ocrx_word' id='word_1_294' title='bbox 1984 2449 2132 2498; x_wconf 91' lang='lat' dir='ltr'>quas</span> <span class='ocrx_word' id='word_1_295' title='bbox 2163 2431 2396 2484; x_wconf 92' lang='lat' dir='ltr'><strong>TIMO-</strong></span> 
     </span>
     <span class='ocr_line' id='line_1_37' title="bbox 198 2503 2398 2569; baseline -0.003 -8"><span class='ocrx_word' id='word_1_296' title='bbox 198 2508 532 2569; x_wconf 90' lang='lat' dir='ltr'>CHARES‚</span> <span class='ocrx_word' id='word_1_297' title='bbox 560 2508 1069 2561; x_wconf 90' lang='lat' dir='ltr'>HIPPARCHUS</span> <span class='ocrx_word' id='word_1_298' title='bbox 1095 2514 1151 2561; x_wconf 91' lang='lat' dir='ltr'>et</span> <span class='ocrx_word' id='word_1_299' title='bbox 1175 2506 1682 2561; x_wconf 90' lang='lat' dir='ltr'><strong>PTOLEMAEUS</strong></span> <span class='ocrx_word' id='word_1_300' title='bbox 1707 2505 2136 2565; x_wconf 90' lang='lat' dir='ltr'>recensuerunt,</span> <span class='ocrx_word' id='word_1_301' title='bbox 2165 2503 2398 2569; x_wconf 90' lang='lat' dir='ltr'>prodire</span> 
     </span>
     <span class='ocr_line' id='line_1_38' title="bbox 198 2575 2398 2646; baseline -0.003 -14"><span class='ocrx_word' id='word_1_302' title='bbox 198 2579 451 2632; x_wconf 91' lang='lat' dir='ltr'>eandem</span> <span class='ocrx_word' id='word_1_303' title='bbox 470 2595 653 2645; x_wconf 91' lang='lat' dir='ltr'>quam</span> <span class='ocrx_word' id='word_1_304' title='bbox 671 2583 940 2646; x_wconf 85' lang='lat' dir='ltr'>proxime</span> <span class='ocrx_word' id='word_1_305' title='bbox 960 2579 1349 2641; x_wconf 91' lang='lat' dir='ltr'>latitudinem,</span> <span class='ocrx_word' id='word_1_306' title='bbox 1377 2594 1560 2644; x_wconf 92' lang='lat' dir='ltr'>quam</span> <span class='ocrx_word' id='word_1_307' title='bbox 1581 2581 1759 2631; x_wconf 92' lang='lat' dir='ltr'>etiam</span> <span class='ocrx_word' id='word_1_308' title='bbox 1778 2593 1938 2630; x_wconf 93' lang='lat' dir='ltr'>nunc</span> <span class='ocrx_word' id='word_1_309' title='bbox 1957 2576 2176 2629; x_wconf 91' lang='lat' dir='ltr'>habere</span> <span class='ocrx_word' id='word_1_310' title='bbox 2197 2575 2398 2639; x_wconf 91' lang='lat' dir='ltr'>depre-</span> 
     </span>
     <span class='ocr_line' id='line_1_39' title="bbox 197 2648 2398 2716; baseline -0.003 -12"><span class='ocrx_word' id='word_1_311' title='bbox 197 2651 554 2713; x_wconf 90' lang='lat' dir='ltr'>henduntur,</span> <span class='ocrx_word' id='word_1_312' title='bbox 572 2651 721 2704; x_wconf 92' lang='lat' dir='ltr'>alias</span> <span class='ocrx_word' id='word_1_313' title='bbox 733 2667 874 2704; x_wconf 91' lang='lat' dir='ltr'>non.</span> <span class='ocrx_word' id='word_1_314' title='bbox 897 2652 985 2704; x_wconf 94' lang='lat' dir='ltr'>Ex</span> <span class='ocrx_word' id='word_1_315' title='bbox 997 2651 1091 2704; x_wconf 91' lang='lat' dir='ltr'>his</span> <span class='ocrx_word' id='word_1_316' title='bbox 1104 2654 1303 2716; x_wconf 91' lang='lat' dir='ltr'>itaque</span> <span class='ocrx_word' id='word_1_317' title='bbox 1319 2657 1375 2703; x_wconf 92' lang='lat' dir='ltr'>et</span> <span class='ocrx_word' id='word_1_318' title='bbox 1387 2650 1668 2703; x_wconf 81' lang='lat' dir='ltr'>similibus</span> <span class='ocrx_word' id='word_1_319' title='bbox 1681 2649 1953 2714; x_wconf 89' lang='lat' dir='ltr'>suspicari</span> <span class='ocrx_word' id='word_1_320' title='bbox 1966 2663 2091 2700; x_wconf 94' lang='lat' dir='ltr'>non</span> <span class='ocrx_word' id='word_1_321' title='bbox 2104 2648 2398 2698; x_wconf 91' lang='lat' dir='ltr'>immerito</span> 
     </span>
     <span class='ocr_line' id='line_1_40' title="bbox 196 2719 2398 2787; baseline -0.004 -11"><span class='ocrx_word' id='word_1_322' title='bbox 196 2722 345 2784; x_wconf 90' lang='lat' dir='ltr'>licet,</span> <span class='ocrx_word' id='word_1_323' title='bbox 366 2729 631 2776; x_wconf 93' lang='lat' dir='ltr'>nontam</span> <span class='ocrx_word' id='word_1_324' title='bbox 650 2738 857 2775; x_wconf 86' lang='lat' dir='ltr'>revera</span> <span class='ocrx_word' id='word_1_325' title='bbox 875 2729 1164 2776; x_wconf 92' lang='lat' dir='ltr'>mutatam</span> <span class='ocrx_word' id='word_1_326' title='bbox 1186 2724 1290 2775; x_wconf 86' lang='lat' dir='ltr'>esse</span> <span class='ocrx_word' id='word_1_327' title='bbox 1311 2722 1718 2787; x_wconf 92' lang='lat' dir='ltr'>obliquitatem</span> <span class='ocrx_word' id='word_1_328' title='bbox 1737 2719 2022 2786; x_wconf 87' lang='lat' dir='ltr'>Signiferi,</span> <span class='ocrx_word' id='word_1_329' title='bbox 2045 2733 2227 2783; x_wconf 92' lang='lat' dir='ltr'>quam</span> <span class='ocrx_word' id='word_1_330' title='bbox 2247 2733 2284 2769; x_wconf 94' lang='lat' dir='ltr'>a</span> <span class='ocrx_word' id='word_1_331' title='bbox 2302 2731 2398 2768; x_wconf 87' lang='lat' dir='ltr'>ve-</span> 
     </span>
     <span class='ocr_line' id='line_1_41' title="bbox 197 2789 2398 2860; baseline -0.003 -14"><span class='ocrx_word' id='word_1_332' title='bbox 197 2793 417 2846; x_wconf 84' lang='lat' dir='ltr'>teribus</span> <span class='ocrx_word' id='word_1_333' title='bbox 435 2794 569 2855; x_wconf 89' lang='lat' dir='ltr'>illis,</span> <span class='ocrx_word' id='word_1_334' title='bbox 593 2797 747 2847; x_wconf 89' lang='lat' dir='ltr'>intra</span> <span class='ocrx_word' id='word_1_335' title='bbox 765 2797 997 2847; x_wconf 89' lang='lat' dir='ltr'>tertiam</span> <span class='ocrx_word' id='word_1_336' title='bbox 1016 2795 1231 2860; x_wconf 90' lang='lat' dir='ltr'>gradus</span> <span class='ocrx_word' id='word_1_337' title='bbox 1250 2800 1478 2859; x_wconf 91' lang='lat' dir='ltr'>partem</span> <span class='ocrx_word' id='word_1_338' title='bbox 1498 2808 1622 2845; x_wconf 94' lang='lat' dir='ltr'>non</span> <span class='ocrx_word' id='word_1_339' title='bbox 1641 2792 1774 2845; x_wconf 92' lang='lat' dir='ltr'>satis</span> <span class='ocrx_word' id='word_1_340' title='bbox 1794 2789 2029 2856; x_wconf 85' lang='lat' dir='ltr'>praecise</span> <span class='ocrx_word' id='word_1_341' title='bbox 2050 2790 2398 2842; x_wconf 91' lang='lat' dir='ltr'>determina-</span> 
     </span>
     <span class='ocr_line' id='line_1_42' title="bbox 198 2859 2398 2931; baseline -0.003 -14"><span class='ocrx_word' id='word_1_342' title='bbox 198 2872 336 2917; x_wconf 90' lang='lat' dir='ltr'>tam.</span> <span class='ocrx_word' id='word_1_343' title='bbox 364 2865 446 2918; x_wconf 90' lang='lat' dir='ltr'>Ut</span> <span class='ocrx_word' id='word_1_344' title='bbox 464 2881 607 2918; x_wconf 88' lang='lat' dir='ltr'>vero</span> <span class='ocrx_word' id='word_1_345' title='bbox 626 2869 778 2918; x_wconf 90' lang='lat' dir='ltr'>inter</span> <span class='ocrx_word' id='word_1_346' title='bbox 796 2865 968 2931; x_wconf 91' lang='lat' dir='ltr'>plura</span> <span class='ocrx_word' id='word_1_347' title='bbox 989 2866 1278 2931; x_wconf 91' lang='lat' dir='ltr'>exempla,</span> <span class='ocrx_word' id='word_1_348' title='bbox 1301 2864 1451 2919; x_wconf 68' lang='lat' dir='ltr'>dicto</span> <span class='ocrx_word' id='word_1_349' title='bbox 1471 2865 1621 2917; x_wconf 92' lang='lat' dir='ltr'>libro</span> <span class='ocrx_word' id='word_1_350' title='bbox 1643 2863 1909 2928; x_wconf 91' lang='lat' dir='ltr'>allegata,</span> <span class='ocrx_word' id='word_1_351' title='bbox 1936 2876 2126 2913; x_wconf 93' lang='lat' dir='ltr'>unum</span> <span class='ocrx_word' id='word_1_352' title='bbox 2146 2859 2241 2911; x_wconf 91' lang='lat' dir='ltr'>vel</span> <span class='ocrx_word' id='word_1_353' title='bbox 2260 2859 2398 2911; x_wconf 91' lang='lat' dir='ltr'>alte·</span> 
     </span>
     <span class='ocr_line' id='line_1_43' title="bbox 199 2931 2398 3002; baseline -0.003 -14"><span class='ocrx_word' id='word_1_354' title='bbox 199 2952 333 2989; x_wconf 92' lang='lat' dir='ltr'>rum</span> <span class='ocrx_word' id='word_1_355' title='bbox 358 2935 476 2988; x_wconf 94' lang='lat' dir='ltr'>huc</span> <span class='ocrx_word' id='word_1_356' title='bbox 502 2937 804 2998; x_wconf 89' lang='lat' dir='ltr'>advocem,</span> <span class='ocrx_word' id='word_1_357' title='bbox 830 2939 1091 3002; x_wconf 90' lang='lat' dir='ltr'>primum</span> <span class='ocrx_word' id='word_1_358' title='bbox 1116 2937 1176 2989; x_wconf 91' lang='lat' dir='ltr'>id</span> <span class='ocrx_word' id='word_1_359' title='bbox 1202 2937 1453 3002; x_wconf 91' lang='lat' dir='ltr'>probant</span> <span class='ocrx_word' id='word_1_360' title='bbox 1479 2943 1745 2999; x_wconf 86' lang='lat' dir='ltr'>utraeque</span> <span class='ocrx_word' id='word_1_361' title='bbox 1765 2933 1940 2986; x_wconf 84' lang='lat' dir='ltr'>stellae</span> <span class='ocrx_word' id='word_1_362' title='bbox 1960 2931 2203 2984; x_wconf 83' lang='lat' dir='ltr'>illustres</span> <span class='ocrx_word' id='word_1_363' title='bbox 2225 2933 2287 2982; x_wconf 94' lang='lat' dir='ltr'>in</span> <span class='ocrx_word' id='word_1_364' title='bbox 2308 2945 2398 2981; x_wconf 91' lang='lat' dir='ltr'>ca-</span> 
     </span>
     <span class='ocr_line' id='line_1_44' title="bbox 199 3002 2400 3073; baseline -0.003 -14"><span class='ocrx_word' id='word_1_365' title='bbox 199 3007 415 3073; x_wconf 91' lang='lat' dir='ltr'>pitibus</span> <span class='ocrx_word' id='word_1_366' title='bbox 439 3011 488 3067; x_wconf 84' lang='lat'>]1</span> <span class='ocrx_word' id='word_1_367' title='bbox 502 3049 515 3068; x_wconf 92' lang='lat'>‚</span> <span class='ocrx_word' id='word_1_368' title='bbox 543 3007 746 3060; x_wconf 87' lang='lat' dir='ltr'>Castor</span> <span class='ocrx_word' id='word_1_369' title='bbox 767 3015 822 3060; x_wconf 92' lang='lat' dir='ltr'>et</span> <span class='ocrx_word' id='word_1_370' title='bbox 840 3009 1050 3061; x_wconf 86' lang='lat' dir='ltr'>Pollux</span> <span class='ocrx_word' id='word_1_371' title='bbox 1071 3007 1255 3069; x_wconf 70' lang='lat' dir='ltr'>dictae,</span> <span class='ocrx_word' id='word_1_372' title='bbox 1283 3023 1419 3073; x_wconf 86' lang='lat' dir='ltr'>quae</span> <span class='ocrx_word' id='word_1_373' title='bbox 1439 3007 1621 3073; x_wconf 91' lang='lat' dir='ltr'>paulo</span> <span class='ocrx_word' id='word_1_374' title='bbox 1642 3012 1778 3058; x_wconf 91' lang='lat' dir='ltr'>ante</span> <span class='ocrx_word' id='word_1_375' title='bbox 1798 3004 2118 3069; x_wconf 91' lang='lat' dir='ltr'>Tropicum</span> <span class='ocrx_word' id='word_1_376' title='bbox 2138 3002 2400 3054; x_wconf 85' lang='lat' dir='ltr'>aestivum</span> 
     </span>
     <span class='ocr_line' id='line_1_45' title="bbox 199 3072 2399 3144; baseline -0.003 -14"><span class='ocrx_word' id='word_1_377' title='bbox 199 3085 467 3131; x_wconf 87' lang='lat' dir='ltr'>veterum</span> <span class='ocrx_word' id='word_1_378' title='bbox 486 3078 726 3130; x_wconf 91' lang='lat' dir='ltr'>illorum</span> <span class='ocrx_word' id='word_1_379' title='bbox 744 3080 1106 3144; x_wconf 88' lang='lat' dir='ltr'>temporibus</span> <span class='ocrx_word' id='word_1_380' title='bbox 1125 3080 1521 3140; x_wconf 88' lang='lat' dir='ltr'>versabantur,</span> <span class='ocrx_word' id='word_1_381' title='bbox 1548 3093 1707 3130; x_wconf 92' lang='lat' dir='ltr'>nunc</span> <span class='ocrx_word' id='word_1_382' title='bbox 1734 3083 1932 3129; x_wconf 92' lang='lat' dir='ltr'>autem</span> <span class='ocrx_word' id='word_1_383' title='bbox 1958 3074 2214 3126; x_wconf 92' lang='lat' dir='ltr'>eundem</span> <span class='ocrx_word' id='word_1_384' title='bbox 2234 3072 2399 3124; x_wconf 91' lang='lat' dir='ltr'>dimi-</span> 
     </span>
     <span class='ocr_line' id='line_1_46' title="bbox 201 3145 2399 3216; baseline -0.004 -13"><span class='ocrx_word' id='word_1_385' title='bbox 201 3151 299 3203; x_wconf 94' lang='lat' dir='ltr'>dio</span> <span class='ocrx_word' id='word_1_386' title='bbox 320 3149 483 3214; x_wconf 80' lang='lat' dir='ltr'>quasi</span> <span class='ocrx_word' id='word_1_387' title='bbox 502 3149 661 3215; x_wconf 87' lang='lat' dir='ltr'>figno</span> <span class='ocrx_word' id='word_1_388' title='bbox 683 3152 1087 3216; x_wconf 86' lang='lat' dir='ltr'>praetergressae</span> <span class='ocrx_word' id='word_1_389' title='bbox 1107 3151 1252 3211; x_wconf 93' lang='lat' dir='ltr'>sunt,</span> <span class='ocrx_word' id='word_1_390' title='bbox 1274 3157 1338 3203; x_wconf 94' lang='lat' dir='ltr'>ut</span> <span class='ocrx_word' id='word_1_391' title='bbox 1358 3150 1433 3203; x_wconf 96' lang='lat' dir='ltr'>ob</span> <span class='ocrx_word' id='word_1_392' title='bbox 1449 3151 1509 3202; x_wconf 94' lang='lat' dir='ltr'>id</span> <span class='ocrx_word' id='word_1_393' title='bbox 1526 3150 1850 3215; x_wconf 91' lang='lat' dir='ltr'>promptior</span> <span class='ocrx_word' id='word_1_394' title='bbox 1864 3162 1937 3198; x_wconf 92' lang='lat' dir='ltr'>ex</span> <span class='ocrx_word' id='word_1_395' title='bbox 1950 3146 2042 3197; x_wconf 93' lang='lat' dir='ltr'>his</span> <span class='ocrx_word' id='word_1_396' title='bbox 2057 3145 2225 3197; x_wconf 91' lang='lat' dir='ltr'>detur</span> <span class='ocrx_word' id='word_1_397' title='bbox 2239 3146 2399 3195; x_wconf 90' lang='lat' dir='ltr'>inve-</span> 
     </span>
     <span class='ocr_line' id='line_1_47' title="bbox 201 3213 2400 3287; baseline -0.004 -13"><span class='ocrx_word' id='word_1_398' title='bbox 201 3222 516 3287; x_wconf 79' lang='lat' dir='ltr'>stigationis</span> <span class='ocrx_word' id='word_1_399' title='bbox 535 3224 708 3279; x_wconf 83' lang='lat' dir='ltr'>ratio:</span> <span class='ocrx_word' id='word_1_400' title='bbox 729 3221 992 3274; x_wconf 90' lang='lat' dir='ltr'>adhibita</span> <span class='ocrx_word' id='word_1_401' title='bbox 1009 3225 1170 3275; x_wconf 93' lang='lat' dir='ltr'>enim</span> <span class='ocrx_word' id='word_1_402' title='bbox 1184 3222 1593 3282; x_wconf 90' lang='lat' dir='ltr'>declinatione,</span> <span class='ocrx_word' id='word_1_403' title='bbox 1615 3234 1797 3284; x_wconf 93' lang='lat' dir='ltr'>quam</span> <span class='ocrx_word' id='word_1_404' title='bbox 1810 3220 1882 3283; x_wconf 87' lang='lat' dir='ltr'>ijs</span> <span class='ocrx_word' id='word_1_405' title='bbox 1896 3213 2400 3269; x_wconf 92' lang='lat' dir='ltr'>PTOLEMAEUS</span> 
     </span>
     <span class='ocr_line' id='line_1_48' title="bbox 202 3286 2401 3354; baseline -0.004 -10"><span class='ocrx_word' id='word_1_406' title='bbox 202 3309 234 3345; x_wconf 92' lang='lat' dir='ltr'>e</span> <span class='ocrx_word' id='word_1_407' title='bbox 262 3292 787 3354; x_wconf 89' lang='lat' dir='ltr'>TIMOCHARIS‚</span> <span class='ocrx_word' id='word_1_408' title='bbox 820 3293 1259 3346; x_wconf 91' lang='lat' dir='ltr'>HIPPARCHI</span> <span class='ocrx_word' id='word_1_409' title='bbox 1289 3299 1345 3345; x_wconf 93' lang='lat' dir='ltr'>et</span> <span class='ocrx_word' id='word_1_410' title='bbox 1371 3293 1475 3345; x_wconf 92' lang='lat' dir='ltr'>sua</span> <span class='ocrx_word' id='word_1_411' title='bbox 1504 3288 2010 3344; x_wconf 82' lang='lat' dir='ltr'>animadversione</span> <span class='ocrx_word' id='word_1_412' title='bbox 2040 3286 2312 3346; x_wconf 88' lang='lat' dir='ltr'>attribuit,</span> <span class='ocrx_word' id='word_1_413' title='bbox 2347 3292 2401 3336; x_wconf 93' lang='lat' dir='ltr'>et</span> 
     </span>
     <span class='ocr_line' id='line_1_49' title="bbox 202 3356 2399 3429; baseline -0.004 -13"><span class='ocrx_word' id='word_1_414' title='bbox 202 3363 565 3429; x_wconf 91' lang='lat' dir='ltr'>longitudine</span> <span class='ocrx_word' id='word_1_415' title='bbox 580 3364 905 3416; x_wconf 93' lang='lat' dir='ltr'>earundem</span> <span class='ocrx_word' id='word_1_416' title='bbox 919 3365 994 3416; x_wconf 93' lang='lat' dir='ltr'>ad</span> <span class='ocrx_word' id='word_1_417' title='bbox 1008 3364 1248 3416; x_wconf 90' lang='lat' dir='ltr'>illorum</span> <span class='ocrx_word' id='word_1_418' title='bbox 1257 3371 1524 3416; x_wconf 92' lang='lat' dir='ltr'>veterum</span> <span class='ocrx_word' id='word_1_419' title='bbox 1538 3370 1805 3426; x_wconf 91' lang='lat' dir='ltr'>tempora</span> <span class='ocrx_word' id='word_1_420' title='bbox 1818 3359 1987 3412; x_wconf 90' lang='lat' dir='ltr'>fimul</span> <span class='ocrx_word' id='word_1_421' title='bbox 1999 3361 2105 3410; x_wconf 90' lang='lat' dir='ltr'>rite</span> <span class='ocrx_word' id='word_1_422' title='bbox 2120 3356 2399 3422; x_wconf 83' lang='lat' dir='ltr'>disposita,</span> 
     </span>
    </p>

    <p class='ocr_par' dir='ltr' id='par_1_11' title="bbox 345 3429 2401 3496">
     <span class='ocr_line' id='line_1_50' title="bbox 345 3429 2401 3496; baseline -0.002 -15"><span class='ocrx_word' id='word_1_423' title='bbox 345 3446 414 3481; x_wconf 74' lang='lat'>2⁵·</span> <span class='ocrx_word' id='word_1_424' title='bbox 1882 3429 2401 3496; x_wconf 89' lang='lat' dir='ltr'>deprehenduntur</span> 
     </span>
    </p>
   </div>
  </div>
 </body>
</html>
