2652 4022
263 276 353 327 214
796 276 1235 329 EPISTOLAE
1260 278 1928 334 ASTRONOMICAE

261 418 440 470 literis
456 424 511 469 et
525 421 993 482 peregrinatione
1009 420 1331 483 quaerenda
1344 421 1446 485 ipfi
1461 421 1551 482 est.
1568 422 1660 474 De
1675 422 1916 487 reliquis
1932 426 2109 475 etiam
2123 440 2245 476 non
2260 425 2460 477 dubito

261 497 317 541 te
337 488 644 540 sollicitum
667 490 786 548 esse,
814 505 938 541 non
957 489 1146 542 solum
1166 498 1229 543 ut
1249 490 1670 553 haereditatem,
1697 493 1792 545 sed
1815 497 1992 546 etiam
2012 501 2076 546 ut
2095 495 2461 548 nobilitatem

264 567 318 611 et
343 563 569 624 integra
594 563 798 611 omnia
823 560 996 612 status
1023 562 1243 626 politici
1269 562 1586 628 relinquas,
1615 564 1766 616 Haec
1792 568 1873 617 ita
1899 568 2096 629 accipe
2121 574 2183 618 ut
2205 566 2463 631 profecta

263 631 336 682 ab
353 646 423 682 eo
439 633 658 690 anim0‚
681 633 782 695 qui
802 631 904 682 tibi
923 632 1149 697 tuisque
1169 633 1386 686 fincere
1405 634 1555 687 bene
1570 635 1709 687 vult.
1732 636 1792 688 Si
1813 636 2066 700 praesens
2087 638 2269 698 essem,
2291 638 2463 702 plura

263 702 333 753 de
363 701 477 761 his;
507 717 650 753 nam
678 717 782 766 per
812 702 1110 755 calamum
1135 720 1260 756 non
1285 708 1366 757 ita
1391 705 1523 757 licet
1549 710 1769 767 omnia,
1800 722 1995 771 neque
2021 707 2150 759 fieri
2175 709 2369 773 potest,
2399 716 2463 761 ut
2512 728 2533 761 5

263 788 397 836 quae
423 773 705 824 meditata
730 774 900 825 nobis
925 774 1070 835 sunt,
1098 778 1339 828 veniant
1359 779 1422 827 in
1441 785 1701 829 mentem
1727 778 2014 839 universa,
2042 795 2178 830 cum
2202 795 2463 844 pennam

261 858 588 895 movemus.
619 843 969 897 CRAGIUS
988 852 1124 898 tuus
1144 850 1456 911 antiquum
1477 848 1713 910 obtinet,
1738 852 1818 901 ita
1839 855 1893 901 et
1913 855 1976 901 tu
1996 865 2072 901 ne
2094 850 2319 902 definas
2338 850 2462 902 TY-

264 914 437 967 CHO
461 915 580 975 esse,
603 917 704 979 qui
723 915 888 967 fuisti.

333 986 426 1037 De
443 986 588 1038 statu
605 1002 805 1038 rerum
820 987 1148 1040 nostrarum
1165 989 1447 1054 pleraque
1464 990 1680 1043 referre
1697 990 2221 1045 TYCHONIDES
2237 995 2462 1057 poterit.

262 1057 497 1109 Publice
522 1058 693 1110 nobis
718 1074 836 1122 pax
862 1058 1056 1111 adhuc
1079 1060 1168 1120 est,
1195 1060 1291 1112 sed
1310 1064 1585 1125 privatim
1604 1062 1774 1114 multi
1794 1063 1950 1115 male
1972 1066 2244 1115 contenti.
2267 1064 2463 1116 Variae
2518 1081 2560 1116 10

261 1128 391 1180 sunt
411 1127 761 1181 offenliones
781 1130 1104 1182 multorum
1125 1132 1196 1183 de
1217 1131 1331 1183 hoc
1350 1132 1495 1184 statu
1516 1149 1730 1194 rerum,
1759 1141 1814 1186 et
1839 1137 2014 1198 pauci
2039 1134 2184 1195 sunt,
2213 1138 2315 1199 qui
2342 1151 2466 1186 non

261 1199 417 1252 male
439 1202 797 1253 ominantur.
825 1202 1104 1254 Amicitia
1123 1203 1374 1268 Anglica
1395 1219 1467 1255 ex
1485 1207 1650 1256 tenui
1677 1212 1814 1269 apta
1841 1205 1931 1256 est.
1961 1206 2118 1258 Cum
2140 1206 2464 1258 CAROLO

263 1271 452 1323 Sueco
463 1287 658 1336 neque
667 1272 799 1324 satis
809 1276 1098 1334 convenit,
1110 1277 1251 1338 quia
1261 1290 1365 1339 per
1373 1275 1693 1328 absentiam
1703 1277 1872 1341 Regis
1881 1292 2065 1328 naves
2074 1280 2200 1328 eius
2211 1278 2466 1342 ingressae

262 1358 444 1403 mare,
467 1343 626 1407 quod
645 1345 789 1395 iuris
811 1344 1042 1396 Danici.
1069 1345 1607 1410 Apprehenderunt
1627 1347 1988 1399 Lubecenses
2010 1354 2064 1399 et
2084 1348 2249 1400 alios.
2278 1348 2465 1400 Ador-

263 1420 480 1466 nantur
492 1414 691 1479 Legati
704 1431 775 1466 eo
786 1415 1052 1467 mittendi
1064 1417 1137 1468 ab
1149 1417 1340 1468 reditu
1355 1417 1574 1469 PETRI
1589 1418 2027 1478 FRANCISCL
2043 1421 2185 1483 quia
2194 1422 2355 1470 viam
2365 1435 2465 1483 pa·
2520 1436 2562 1471 15

263 1492 495 1537 raturus
510 1487 689 1537 modo
702 1489 764 1538 in
775 1486 1048 1539 Sueciam
1063 1487 1152 1539 est.
1170 1488 1299 1539 Nos
1313 1504 1476 1540 arces
1489 1495 1543 1540 et
1555 1490 1773 1554 oppida
1783 1492 1846 1541 in
1858 1490 2159 1555 Norvegia
2170 1497 2224 1542 et
2235 1490 2465 1551 Scania,

264 1557 607 1616 Hallandia,
630 1557 937 1622 Blekingia
957 1559 1033 1610 ad
1052 1558 1201 1610 fines
1221 1562 1526 1611 munimus
1542 1567 1597 1612 et
1610 1576 1956 1624 reparamus
1977 1568 2267 1625 quantum
2286 1562 2466 1625 possu-

263 1644 413 1687 muS,
429 1628 523 1680 sed
538 1644 575 1680 a
588 1631 841 1692 pecunia
855 1645 978 1680 non
992 1629 1124 1682 satis
1139 1629 1392 1682 instructi
1406 1631 1622 1683 sumus,
1636 1626 1656 1700 ΙΙ
1669 1632 1791 1683 Rex
1802 1631 2067 1684 Poloniae
2081 1632 2230 1684 mifit
2243 1632 2468 1684 classem
2486 1641 2563 1685 161
2576 1650 2592 1669 r

263 1699 428 1751 suam
450 1715 586 1751 cum
605 1700 787 1752 milite
809 1716 912 1764 per
931 1700 1145 1752 fretum
1167 1701 1500 1762 Oritanum,
1522 1718 1658 1766 quae
1678 1703 2054 1768 naufragium
2074 1705 2227 1768 passa
2247 1703 2337 1765 est,
2358 1719 2467 1756 nec
2516 1708 2545 1750 ·1·

263 1774 326 1822 in
340 1770 613 1822 Sueciam
627 1771 868 1835 appulit.
893 1772 1262 1825 CAROLUS
1282 1775 1404 1825 iam
1423 1776 1642 1838 potitur
1661 1773 1781 1826 fere
1801 1781 1923 1826 toto
1944 1790 2140 1840 regno,
2161 1775 2469 1839 postquam
2517 1791 2564 1826 20

264 1842 376 1894 hac
409 1842 599 1894 aestate
633 1843 1007 1894 Finlandiam
1041 1844 1284 1903 domuit,
1319 1851 1374 1896 et
1404 1851 1597 1908 partes
1629 1845 1761 1897 illas
1794 1846 2060 1898 Livoniae
2092 1848 2333 1898 vicinas,
2374 1846 2468 1897 De

263 1913 559 1965 nobilibus
596 1916 838 1978 captivis
873 1917 935 1966 in
971 1915 1198 1974 Suecia‚
1235 1918 1337 1979 qui
1371 1916 1500 1967 sunt
1535 1919 1819 1982 praecipui
1855 1917 2135 1970 ERICUS
2168 1917 2467 1978 SPARRE‚

267 1984 675 2037 GUSTAVUS
702 1986 1049 2046 BANNER,
1078 1986 1359 2040 ERICUS
1386 1987 1733 2049 BANNER,
1754 1988 2027 2041 TUROV
2051 1988 2387 2041 BIELCKE
2414 1994 2469 2040 et

267 2056 676 2108 GEORGIUS
697 2056 905 2117 POSE,
935 2057 1201 2109 constans
1227 2058 1388 2110 fama
1413 2058 1762 2123 supplicium
1784 2059 2151 2111 sumendum.
2181 2059 2469 2111 Miserunt

265 2128 381 2179 huc
396 2127 471 2179 ad
486 2127 702 2192 Regem
722 2134 984 2192 petentes
1006 2132 1132 2180 eius
1152 2131 1625 2182 intercessionem.
1648 2131 1876 2196 Exigua
1895 2131 2021 2195 spes
2034 2131 2261 2183 Polono
2275 2131 2467 2195 super·
2518 2147 2564 2181 25

266 2199 340 2250 est
372 2200 759 2263 recuperandi
791 2202 955 2264 regni
989 2199 1343 2266 hereditarij.
1385 2202 1526 2254 Non
1559 2202 1885 2262 obscurum,
1926 2203 2067 2266 quid
2100 2201 2469 2255 CAROLUS

265 2270 560 2330 moliatur,
583 2270 680 2321 etfi
701 2270 863 2322 aliud
882 2286 1006 2334 prae
1026 2271 1082 2323 se
1102 2271 1264 2324 ferat.
1323 2281 1326 2284 ’

338 2342 430 2392 De
456 2347 642 2392 matre
666 2347 768 2393 tua
789 2341 1312 2396 TYCHONIDES
1337 2343 1553 2396 referre
1579 2347 1805 2409 poterit,
1833 2360 1969 2409 quae
1989 2345 2133 2397 vidit
2154 2350 2209 2396 et
2228 2344 2468 2396 audivit.

266 2414 468 2464 Amita
487 2412 659 2463 valde
686 2412 924 2464 infirma
951 2413 1040 2473 est,
1069 2421 1123 2465 et
1150 2415 1306 2466 oculi
1333 2415 1748 2479 caligaverunt.
1778 2415 1938 2479 Quid
1964 2432 2106 2467 vero
2132 2416 2293 2467 soror
2318 2422 2468 2480 agat,

268 2492 322 2536 et
342 2483 444 2536 ubi
464 2486 585 2535 iam
604 2483 683 2543 fit,
712 2499 784 2535 ex
806 2487 931 2535 eius
952 2484 1154 2536 litteris
1175 2488 1441 2550 accipies.
1469 2487 1513 2537 F
1516 2489 1637 2538 axit
1663 2493 1920 2538 aeternus
1946 2493 2126 2551 pater,
2153 2492 2218 2538 ut
2241 2486 2468 2550 sperato
2518 2501 2565 2536 30

266 2556 506 2608 tandem
536 2557 810 2619 coniugio
844 2571 979 2606 cum
1011 2557 1227 2621 gaudio
1259 2560 1532 2621 potiatur.
1567 2558 1695 2610 Nos
1726 2573 1798 2609 ea
1826 2558 2163 2609 audivimus
2194 2558 2266 2609 de
2295 2557 2470 2609 rebus

268 2627 515 2679 Domini
531 2626 831 2688 LANGIJ,
853 2642 988 2691 quae
1010 2630 1237 2692 erigunt
1258 2631 1490 2680 animos
1505 2629 1580 2681 ad
1596 2627 2061 2693 expedtationem
2078 2628 2338 2680 melioris
2356 2627 2469 2680 for-

267 2705 445 2750 tunae.
473 2697 566 2748 De
592 2705 779 2749 morte
801 2697 1076 2750 IACOBI
1098 2699 1441 2751 SEEFELD
1468 2706 1612 2763 puto
1638 2700 1712 2752 ab
1739 2699 1871 2765 alijs
1898 2701 1973 2752 ad
1995 2707 2050 2751 te
2073 2699 2468 2764 perscriptum.

268 2771 382 2822 Vix
403 2768 632 2821 duabus
649 2768 744 2820 vel
764 2769 946 2821 tribus
966 2769 1302 2834 septimanis
1322 2787 1358 2822 a
1378 2773 1598 2836 nuptijs
1619 2771 1874 2823 duarum
1894 2770 2169 2832 filiarum,
2191 2786 2327 2834 quae
2346 2785 2470 2822 uno

269 2842 361 2893 die
389 2839 711 2901 celebratae‚
739 2843 801 2892 in
827 2840 945 2891 fine
974 2844 1347 2893 comitiorum
1372 2842 1663 2906 insperato
1690 2843 1847 2894 diem
1870 2842 2040 2894 suum
2065 2842 2278 2894 claufit.
2307 2841 2468 2893 Sere·
2519 2856 2564 2891 3⁵

268 2915 523 2965 nissimus
536 2911 658 2963 Rex
669 2912 849 2963 modo
861 2915 924 2964 in
935 2912 1086 2964 Iutia
1098 2913 1188 2971 est,
1205 2913 1413 2965 dicitur
1426 2913 1953 2965 tamen'CHRISTI
1968 2913 2192 2965 natalia
2203 2911 2470 2964 Haffniae

270 2985 562 3036 celebrare
574 2983 742 3035 velle.
760 2984 1006 3036 Utinam
1017 2991 1071 3035 te
1082 2985 1353 3047 peridem
1365 2990 1596 3048 tempus
1607 2985 1806 3036 videre
1818 2988 1956 3036 tunc
1970 2985 2271 3049 possemuS.
2287 2984 2470 3035 Posses

268 3062 332 3107 tu
357 3056 574 3121 gaudia
598 3054 790 3107 nostra
816 3055 1016 3107 multis
1041 3056 1233 3107 modis
1260 3071 1491 3120 augere,
1519 3055 1614 3107 sed
1639 3056 1805 3120 spero
1832 3071 1942 3107 nos
1967 3064 2022 3107 te
2046 3055 2209 3107 brevi
2228 3054 2468 3106 visuros,

271 3128 397 3178 Nec
419 3129 578 3178 enim
599 3129 942 3187 committeS‚
965 3129 1110 3190 quin
1130 3126 1205 3178 ad
1225 3142 1335 3178 nos
1356 3126 1679 3190 aliquando
1701 3142 1977 3178 excurras
1995 3122 2016 3194 ΙΙ
2033 3126 2235 3178 saltem
2256 3127 2468 3190 exiguo
2488 3132 2565 3176 161
2578 3142 2600 3160 v

271 3201 567 3258 comitatu,
595 3198 635 3248 11
661 3213 785 3249 11011
811 3213 1019 3249 omnes
1046 3197 1320 3250 adducas,
1350 3198 1651 3249 Defiderio
1679 3198 1779 3249 isto
1800 3197 1972 3249 valde
1998 3197 2198 3262 flagr0,
2227 3195 2387 3260 quod
2406 3202 2470 3264 tu
2518 3211 2566 3246 40

271 3276 334 3321 ut
362 3271 643 3333 explereS‚
670 3276 773 3321 tuo
801 3285 937 3321 cum
962 3269 1120 3320 bono
1146 3269 1293 3320 forte
1319 3268 1507 3320 fuerit.
1537 3270 1664 3320 Iam
1683 3269 1724 3320 fi
1742 3269 1845 3320 tibi
1865 3268 2195 3333 prolixitate
2215 3266 2469 3327 satisfeci,

271 3341 517 3405 gaudeo,
545 3340 605 3392 Si
625 3340 949 3392 molestiam
971 3347 1025 3392 et
1045 3340 1287 3392 taedium
1307 3342 1515 3405 ingessi,
1543 3340 1659 3404 ipse
1680 3343 1743 3391 in
1764 3339 1938 3391 causa
1958 3355 2035 3399 eS,
2058 3341 2160 3403 qui
2178 3342 2260 3390 ita
2279 3340 2468 3460 rheqRi-

2330 3425 2388 3459 vi
2432 3425 2467 3460 1.
