2678 4022
105 1104 149 1140 10

104 2174 150 2209 25

106 2886 152 2921 35

269 298 573 352 TYCHO
599 299 723 351 AD
750 298 1318 351 RUDOLPHUM
1345 299 1846 353 SECUNDUM
1872 301 1906 352 2
1933 301 2105 352 IAN.
2134 302 2280 354 1598
2342 303 2398 354 19

197 443 431 493 viarum
457 440 895 505 intercapedine
923 439 1167 505 alijsque
1194 439 1651 503 difficultatibuS,
1685 458 1806 507 quo
1833 445 2032 495 minus
2062 442 2398 496 Caesaream

197 518 363 564 tuam
383 511 750 564 Maiestatem
769 510 887 575 ipse
907 513 1021 563 cito
1040 511 1209 572 ade0,
1233 527 1302 563 ac
1322 516 1701 576 praeoptarim
1721 514 1886 575 alias,
1913 515 2191 567 accedere
2210 514 2398 575 liceat,

196 583 602 648 praepeditum‚
628 581 799 635 hasce
825 582 1023 634 literas
1049 583 1304 635 arduum
1330 583 1463 635 licet
1488 587 1789 648 negotium
1810 592 2229 638 concernentes
2248 585 2398 637 sum-

196 655 350 706 misse
378 653 654 706 exhibere
680 669 806 705 non
824 656 1014 706 vereri
1039 653 1157 718 ipfi.
1178 653 1369 707 Cuius
1389 670 1542 706 meae
1561 654 1820 708 fidentiae
1841 658 2091 709 caussam
2110 656 2266 709 hanc
2285 659 2398 721 pri-

196 740 360 778 mam
393 724 587 778 habeo
622 731 679 777 et
711 727 1076 790 praecipuam
1107 725 1508 790 Imperatoriae
1540 733 1659 778 tuae
1692 727 2012 780 Maiestatis
2044 727 2398 780 clementissi-

195 811 364 848 mum
385 811 522 862 erga
539 811 636 848 me
657 811 864 861 eaque,
886 811 1022 860 quae
1041 796 1242 849 multis
1261 796 1479 849 abhinc
1499 800 1673 849 annis
1692 797 1874 851 tracto
1893 799 2094 859 studia,
2115 798 2398 860 favorem,

195 868 547 933 iampridem
571 866 720 919 mihi
739 867 928 919 velex
947 867 1069 919 solo
1094 883 1165 919 eo
1187 867 1464 933 singulari
1489 868 1809 933 diplomate
1835 869 2211 934 perspectum,
2239 870 2399 935 quod

198 938 472 992 Caesarea
487 945 591 991 tua
607 938 885 990 Maiestas
903 944 1191 1003 tanquam
1210 942 1274 991 in
1294 939 1533 1004 epistola
1552 940 1627 991 ad
1647 956 1743 992 me
1764 938 1981 993 directo
2000 941 2267 994 sermone
2288 941 2398 994 cle-

196 1017 425 1063 menter
449 1009 598 1062 mihi
623 1011 923 1075 impertiri,
953 1025 1078 1062 non
1103 1010 1221 1063 fine
1247 1010 1465 1063 harum
1485 1014 1700 1063 artium
1728 1012 2015 1075 praeclaro
2043 1012 2251 1078 elogio,
2281 1013 2399 1078 dig-

196 1088 339 1134 nata
370 1081 460 1134 est.
501 1081 776 1134 Caesarea
806 1084 1004 1145 itaque
1036 1088 1140 1134 tua
1171 1081 1448 1137 Maiestas
1480 1082 1860 1147 praesentibus
1897 1083 2050 1135 hisce
2083 1083 2401 1136 clementer

194 1153 335 1206 scire
361 1153 646 1218 dignetur,
672 1167 786 1214 me,
814 1153 1182 1205 evidentibus
1207 1153 1390 1219 ijsque
1416 1152 1580 1206 haud
1605 1153 1834 1206 levibus
1855 1154 1926 1207 de
1947 1156 2146 1207 caussis
2172 1162 2400 1207 mutato

195 1225 392 1277 Patrio
428 1224 569 1285 solo,
607 1226 672 1276 in
703 1223 1097 1276 Germaniam
1127 1230 1248 1277 tuae
1281 1224 1572 1277 Caesareae
1609 1225 1901 1277 Maiestati
1939 1225 2227 1278 subditam
2265 1241 2401 1278 cum

195 1295 605 1348 Astronomica
622 1310 760 1347 mea
778 1294 1146 1360 supellectile,
1167 1295 1438 1360 adeoque
1457 1302 1581 1348 tota
1599 1296 1842 1357 familia,
1863 1312 2053 1362 nuper
2074 1298 2400 1357 concessisse,

197 1374 261 1420 ut
280 1367 356 1419 est
375 1382 575 1420 rerum
593 1366 999 1419 humanarum
1019 1369 1291 1419 omnium
1311 1368 1590 1432 quaedam
1608 1367 1851 1420 subinde
1870 1369 2204 1420 vicissitudo.
2226 1368 2361 1429 Ubi,
2379 1364 2401 1436 ΙΙ

133 1463 154 1480 v
197 1439 431 1491 favente
458 1438 778 1491 coelestium
798 1437 1044 1503 Opifice,
1071 1439 1511 1491 Astronomicos
1536 1454 1703 1491 meos
1729 1439 1961 1492 labores
1986 1455 2090 1504 per
2112 1439 2170 1491 21
2190 1441 2402 1491 Annos

196 1513 260 1562 in
285 1512 477 1575 patria
506 1525 643 1562 mea
669 1509 985 1562 dulcissima
1005 1509 1208 1562 Dania
1234 1509 1563 1563 exantlatos
1590 1513 1937 1563 continuare
1958 1526 2027 1563 ac
2047 1510 2123 1563 ad
2148 1510 2401 1575 propofi-

196 1588 323 1634 tum
348 1581 588 1646 scopum
611 1581 857 1646 dirigere
878 1587 934 1633 et
953 1581 1252 1634 absolvere
1279 1582 1527 1642 decrevi,
1554 1584 1866 1647 impetrata
1889 1584 2149 1646 primum
2174 1581 2272 1633 hic
2298 1581 2400 1634 ali-

198 1653 331 1705 cubi
352 1659 407 1704 et
426 1652 732 1705 constituta
757 1652 932 1704 rebus
955 1652 1281 1705 coelestibus
1302 1652 1385 1706 sat
1405 1654 1737 1714 commoda,
1765 1653 2046 1706 constanti
2073 1659 2129 1705 et
2153 1653 2401 1705 inviola-

196 1724 300 1777 bili
324 1723 472 1785 sede,
502 1724 662 1776 unde
690 1723 1150 1776 fundamentalis
1178 1724 1504 1777 earundem
1528 1723 1794 1777 tractatio
1821 1727 2173 1777 aeviternum
2199 1725 2275 1776 ad
2300 1740 2402 1789 po-

196 1795 373 1847 steros
394 1798 573 1847 etiam
592 1797 656 1847 in
675 1795 909 1860 Imperij
938 1795 1115 1859 ipfius
1142 1796 1320 1848 decus
1346 1795 1455 1859 (uti
1475 1795 1733 1860 confido)
1758 1812 1882 1848 non
1903 1796 2403 1848 contemnendum

195 1866 503 1920 transmitti
538 1867 714 1931 possit.
754 1866 1051 1930 Quocirca
1087 1867 1164 1919 ad
1200 1874 1367 1920 tuam
1398 1867 1847 1932 Imperatoriam
1878 1867 2247 1919 Maiestatem
2279 1882 2402 1918 om-

195 1941 367 1992 nium
388 1940 582 2003 primo
602 1937 751 1989 mihi
770 1938 1232 1999 concedendum,
1260 1938 1499 2003 eiusque
1519 1939 2015 1990 clementissimam
2033 1938 2403 1990 voluntatem

198 2024 382 2076 quam
400 2008 734 2062 humillime
755 2009 1184 2074 explorandam
1204 2009 1416 2070 censui,
1437 2025 1517 2062 an
1536 2025 1661 2061 non
1679 2009 1894 2062 illustre
1915 2009 2029 2061 hoc
2042 2009 2401 2061 Astronomi-

197 2097 337 2134 cum
361 2083 665 2146 negotium
689 2079 869 2133 solide
896 2087 951 2133 et
975 2080 1290 2133 solenniter
1314 2081 1636 2133 institutum
1660 2083 1724 2132 in
1750 2080 1953 2146 aliqua
1977 2080 2216 2133 suarum
2236 2080 2402 2132 ditio-

199 2168 346 2206 num
364 2167 543 2218 porro
562 2154 911 2204 continuare
931 2158 1108 2217 atque
1128 2152 1205 2204 ad
1225 2159 1492 2217 optatum
1510 2151 1710 2214 finem,
1732 2152 1848 2204 Dei
1867 2151 2172 2212 beneficio,
2192 2151 2402 2215 perdu-

198 2239 329 2277 cere
356 2223 608 2277 daretur.
636 2223 785 2276 Sunt
808 2223 958 2275 mihi
984 2223 1060 2276 ad
1085 2222 1200 2275 hoc
1227 2223 1395 2288 Opus
1419 2226 1484 2275 in
1508 2230 1785 2288 promptu
1810 2223 2197 2275 Instrumenta
2218 2225 2401 2282 varia,

198 2311 389 2361 eaque
414 2297 680 2348 maxima
706 2301 761 2347 et
786 2294 1010 2348 affabre
1036 2294 1355 2355 elaborata,
1382 2294 1586 2360 qualia
1612 2301 1666 2346 et
1692 2302 1917 2360 quanta
1938 2297 2038 2346 vix
2064 2294 2291 2358 uspiam
2316 2296 2402 2346 in-

197 2370 401 2420 venire
427 2366 614 2420 datur.
645 2365 793 2419 Sunt
818 2367 1212 2431 plurimorum
1237 2382 1536 2419 annorum
1562 2364 1925 2419 exactissimae
1953 2365 2404 2418 Observationes

196 2446 465 2492 veterum
489 2440 744 2490 inventis
769 2453 895 2490 non
922 2437 1208 2490 cedenteS.
1240 2438 1388 2491 Sunt
1411 2437 1600 2490 multa
1625 2437 1744 2490 alia
1768 2437 1886 2489 huc
1913 2437 2318 2496 conducentia,
2349 2442 2404 2488 et

199 2526 325 2563 non
342 2525 551 2575 pauca,
572 2512 694 2561 imo
714 2512 1018 2574 praecipua
1033 2512 1156 2562 iam
1170 2507 1448 2562 confecta.
1471 2509 1552 2562 Ut
1564 2524 1707 2561 vero
1723 2508 1998 2561 Caesarea
2009 2514 2113 2560 tua
2127 2507 2404 2559 Maiestas

198 2582 492 2647 specimen
505 2581 749 2646 aliquod
763 2597 973 2633 eorum
985 2580 1219 2641 habeat,
1233 2584 1400 2633 mitto
1415 2596 1553 2633 cum
1565 2580 1690 2632 filio
1704 2596 1841 2632 meo
1857 2580 2252 2645 Organorum,
2268 2594 2403 2643 quae

198 2651 485 2706 hactenus
510 2654 574 2704 in
598 2652 707 2705 usu
732 2651 932 2713 habui,
961 2659 1250 2717 quotquot
1267 2659 1390 2704 tam
1411 2654 1524 2704 cito
1549 2651 1803 2703 exscindi
1827 2666 2033 2703 curare
2058 2650 2237 2711 licuit,
2265 2650 2403 2702 deli-

199 2727 557 2786 neationem,
578 2723 840 2789 appofita
860 2724 1186 2777 earundem
1204 2721 1491 2776 succincta
1511 2723 1917 2788 explicatione.
1941 2721 2145 2775 Offero
2166 2737 2404 2786 quoque

200 2795 501 2848 humiliter
530 2795 904 2848 Canonicam
931 2794 1270 2847 Affixarum
1298 2794 1614 2848 Stellarum
1644 2794 2081 2859 expofitionem,
2116 2799 2405 2858 quotquot

201 2870 265 2920 in
277 2867 470 2919 nostro
485 2866 718 2919 climate
731 2873 1032 2932 utcunque
1045 2866 1324 2926 visuntur,
1346 2882 1598 2918 numero
1615 2866 2010 2926 millenarum,
2033 2879 2181 2929 quas
2196 2879 2404 2916 omnes

200 2942 356 2991 intra
374 2939 586 2990 Annos
605 2938 675 2990 20
693 2941 1019 3002 praeteritos
1043 2937 1274 2990 summa
1294 2944 1348 2990 et
1368 2937 1639 2990 indefessa
1659 2936 1958 3002 diligentia
1983 2938 2130 2987 meis
2152 2935 2405 3000 Organis

202 3009 432 3062 coelitus
453 3024 636 3074 quam
654 3008 1124 3074 scrupulofissime
1145 3009 1454 3062 demensus
1473 3008 1617 3069 sum,
1645 3023 1781 3060 cum
1801 3007 1920 3059 fine
1940 3006 2172 3066 harum,
2199 3007 2403 3071 potissi-

201 3096 370 3133 mum
384 3080 643 3132 Zodiaco
663 3083 1010 3142 vicinarum,
1033 3079 1236 3133 exacta
1254 3080 1657 3132 verificatione
1672 3079 2050 3131 Planetarum
2069 3080 2184 3129 viae
2205 3083 2261 3129 et
2279 3092 2403 3129 mo-

201 3155 393 3204 tiones
422 3151 499 3204 ad
527 3152 790 3204 amussim
819 3168 943 3204 non
970 3154 1384 3217 percipiantur.
1416 3151 1555 3215 Qua
1581 3153 1759 3203 etiam
1786 3153 1849 3201 in
1874 3155 2038 3214 parte
2069 3148 2291 3213 (quoad
2319 3164 2404 3200 er-

202 3226 397 3276 rantia
408 3222 677 3275 videlicet
695 3222 902 3287 fidera)
924 3224 1066 3287 quid
1085 3222 1370 3276 hactenus
1389 3222 1839 3287 praestiterimuS,
1862 3220 2122 3285 quidque
2143 3222 2206 3271 in
2225 3219 2403 3284 poste-

202 3310 336 3347 rum
350 3293 862 3358 superaddendum
876 3294 1055 3355 restet,
1075 3297 1236 3359 prior
1249 3294 1365 3355 ille,
1381 3295 1452 3346 de
1468 3309 1587 3358 quo
1603 3294 1740 3353 dixi,
1761 3292 1907 3344 liber
1920 3291 2023 3343 suo
2037 3291 2169 3343 loco
2183 3291 2402 3355 pandit.

203 3365 380 3418 Plura
398 3380 671 3418 meorum
691 3365 762 3417 de
783 3365 1159 3418 Astronomia
1176 3366 1443 3430 Operum
1462 3372 1565 3417 tua
1586 3364 1859 3417 Caesarea
1879 3362 2171 3421 MaiestaS,
2194 3364 2288 3413 cui
2308 3377 2403 3412 me

345 3447 391 3483 3*
2150 3447 2403 3496 meaque
